2461 3743
224 501 229 509 ⁴
416 509 476 547 et
508 503 737 548 affectibus
768 481 947 561 tragicis
979 504 1112 561 digna
1142 506 1375 550 haberetur
1405 521 1576 564 quaque
1607 520 1734 550 aures
1767 505 2065 550 Romanorum
2105 521 2205 550 sua-

262 620 286 633 ,³
328 589 351 620 ι·
377 575 495 620 affici
526 582 720 635 possent.
753 576 903 629 Quare
919 578 1081 622 factum
1114 583 1192 632 est,
1224 583 1272 621 ut
1300 578 1512 636 tragicum
1545 592 1684 635 genus
1701 576 1997 620 Romanorum
2030 577 2205 635 ingenio

193 631 368 706 satque
398 647 593 690 moribus
626 648 779 706 populi
810 648 995 692 Romani
1029 656 1252 706 tamquam
1283 649 1480 692 innatum
1516 663 1616 691 mox
1647 647 1704 691 ad
1736 649 1875 705 ipsam
1909 649 1970 691 rei
2005 648 2206 705 publicae

261 723 432 776 atumm
464 724 597 779 atque
628 718 816 763 indolem
848 720 1076 778 aptissime
1108 734 1154 763 se
1185 720 1440 778 applicaret.

219 788 227 798 ”
274 840 276 842 ,
374 788 461 833 His
493 789 628 847 igitur
657 791 870 849 expositis
919 791 1157 845 videamus,
1204 791 1310 849 quid
1342 791 1498 835 Cicero
1542 792 1637 849 ipse
1686 790 1739 833 de
1771 790 1920 834 indole
1967 807 2018 834 ac
2051 795 2207 835 natura

124 909 132 917 ‚
197 850 533 908 'lssRomanm-um
564 861 812 918 tragoediae
844 863 1040 905 senserit
1101 862 1170 905 De
1202 877 1290 920 qua
1339 878 1384 905 re
1417 869 1561 905 utrum
1609 877 1707 904 cum
1740 862 1881 918 poetis
1922 863 2031 919 ipsis
2066 877 2207 919 popu-

213 927 365 989 “loque
396 930 597 975 Romano
628 932 900 976 consenserit
928 947 1074 982 necne,
1122 932 1452 986 diiudicabitur,
1499 933 1536 976 si
1567 947 1620 975 ex
1667 938 1760 975 tota
1788 932 2087 990 disputatione
2117 933 2209 975 elu-

203 1004 211 1063 ’μ
234 1002 363 1055 cebit,
396 1009 541 1045 utrum
572 1017 634 1054 ea,
666 1015 777 1059 quae
808 1001 937 1046 modo
970 1003 1014 1045 in
1049 1004 1303 1047 universum
1336 1003 1675 1061 disputavimus,
1718 1002 1773 1045 ad
1807 1002 2034 1046 Ciceronis
2069 1005 2208 1062 ipsius

197 1074 496 1129 [sententiam
530 1073 681 1117 referri
719 1074 891 1131 possint
922 1088 1068 1118 necne.
1102 1073 1638 1132 Recognoscamusigitur
1669 1079 1770 1116 ante
1789 1074 1935 1117 omnia
1966 1074 2086 1118 illam
2118 1089 2208 1117 rem

235 1144 540 1203 gravissimam
572 1158 713 1202 neque
735 1144 920 1195 facilem,
953 1151 1096 1187 utrum
1114 1145 1271 1188 Cicero
1304 1145 1421 1187 illam
1454 1149 1681 1202 poetarum
1700 1144 1997 1187 Romanorum
2015 1145 2210 1188 Graecos

198 1218 215 1262 f
235 1214 436 1259 imitandi
469 1215 681 1258 rationem
715 1213 962 1258 laudaverit
991 1231 1046 1258 an
1080 1216 1411 1273 vituperaverit,
1443 1213 1612 1268 deinde,
1647 1215 1866 1274 quomodo
1907 1214 1962 1259 de
1996 1215 2208 1260 Romanis

221 1278 509 1345 'Graecisque
543 1286 684 1344 poetis
715 1285 895 1343 tragicis
928 1286 1041 1329 inter
1073 1302 1119 1346 se
1136 1287 1400 1346 comparatis
1419 1286 1691 1330 iudicaverit.
1724 1286 1977 1330 Ciceronem
2009 1302 2035 1330 a
2064 1287 2210 1330 studio

193 1411 197 1414 γ
235 1361 464 1415 *poetarum
496 1356 763 1399 Graecorum
797 1356 915 1399 haud
947 1357 1137 1400 alienum
1168 1358 1304 1399 fuisse
1336 1372 1432 1399 cum
1453 1358 1537 1400 iam
1570 1373 1706 1413 supra
1734 1359 2083 1410 memoravimus,
2118 1365 2209 1401 tum

239 1427 291 1472 Ε.
323 1427 480 1485 Langii
514 1426 765 1471 dissertatio
798 1427 906 1471 satis
939 1443 1157 1485 superque
1189 1442 1268 1471 nos
1291 1426 1429 1471 docet.
1461 1426 1531 1471 Ex
1550 1443 1637 1487 qua
1667 1428 1770 1472 item
1803 1434 2004 1472 constare
2036 1427 2212 1473 videtur

238 1513 336 1543 eum
367 1498 510 1556 magis
542 1498 685 1557 poetis
718 1498 985 1542 Graecorum
1020 1499 1215 1552 scenicis,
1246 1513 1376 1558 quam
1408 1500 1564 1542 ceteris
1597 1504 1825 1557 poetarum
1855 1499 2088 1556 generibus
2120 1507 2213 1542 stu-

168 1623 170 1625 >
229 1569 390 1618 ‘duisse
424 1584 564 1626 neque
596 1584 871 1628 quemquam,
906 1570 942 1612 si
973 1570 1217 1612 accuratius
1251 1570 1476 1612 Ciceronis
1508 1569 1644 1612 libros
1676 1569 1922 1626 perlegerit,
1954 1576 2211 1626 negaturum

238 1656 335 1683 esse
365 1656 462 1683 eum
492 1656 546 1683 ex
580 1640 758 1697 tragicis
792 1641 934 1698 poetis
967 1641 1130 1698 optime
1162 1641 1423 1698 cognovisse
1470 1640 1706 1699 studioque
1739 1640 1930 1684 maximo
1962 1640 2212 1698 amplexum

181 1763 183 1765 ,
237 1725 333 1755 csse
365 1711 466 1755 illos
499 1711 617 1754 solos
648 1717 736 1754 tres
771 1711 991 1769 principes
1023 1711 1303 1769 Aeschylum,
1347 1710 1620 1769 Sophoclem,
1656 1709 1945 1768 Euripidem3
1995 1712 2119 1754 cuius
2151 1712 2214 1753 rei

240 1783 492 1825 testimonio
539 1782 670 1825 nobis
702 1797 797 1824 esse
828 1789 1015 1839 possunt
1045 1782 1163 1825 haud
1205 1783 1331 1839 pauci
1364 1782 1446 1825 loci
1497 1781 1786 1833 Ciceroniani‚
1838 1796 1948 1839 quos
1981 1782 2213 1839 Langius¹)

240 1852 439 1897 contulit.
471 1852 604 1905 Quod
636 1853 710 1910 qui
743 1852 1099 1906 consideraverit,
1130 1868 1227 1896 eum
1260 1866 1568 1896 concessurum
1600 1867 1702 1896 essev
1727 1852 1916 1897 arbitror
1955 1852 2212 1897 Ciceronem

241 1923 422 1982 optimis
468 1923 737 1967 Graecorum
789 1924 968 1982 tragicis
1001 1924 1143 1982 poetis
1189 1923 1363 1967 laudem
1397 1923 1615 1982 quandam
1648 1924 1866 1967 tribuisse.
1926 1924 2027 1967 Jam
2070 1930 2213 1967 autem

243 1995 377 2039 nobis
409 1994 480 2038 hic
511 1995 555 2038 in
587 1995 741 2053 primis
773 1994 1029 2039 ordiendum
1061 1994 1237 2038 videtur
1283 1994 1338 2037 ab
1370 1994 1446 2037 illo
1480 1994 1708 2037 notissimo
1741 1995 1837 2038 loco
1867 1995 2215 2038 Tusculanarum

175 2114 178 2115 ⁷
242 2066 592 2126 disputationum
624 2066 726 2110 libri
757 2066 795 2120 Ι,
830 2069 850 2110 1
884 2082 994 2126 sqq„
1023 2082 1110 2126 quo
1143 2066 1186 2110 in
1213 2066 1467 2111 universum
1499 2066 1553 2109 de
1571 2064 1867 2110 Romanorum
1887 2074 1929 2110 et
1948 2066 2215 2111 Graecorum

73 2123 84 2138 ξ
241 2139 417 2196 ingenio
448 2138 667 2182 disserens
699 2138 807 2182 haec
838 2139 971 2182 dicit:
1003 2139 1105 2193 „sed
1138 2154 1279 2181 meum
1310 2137 1520 2181 iudicium
1553 2153 1724 2195 semper
1747 2138 1831 2180 init
1862 2138 2008 2180 omnia
2040 2143 2216 2180 nostros

241 2215 318 2258 aut
350 2209 572 2253 invenisse
617 2224 696 2267 per
727 2224 773 2252 se
806 2210 1061 2267 sapientius,
1108 2224 1237 2268 quam
1270 2208 1478 2262 Graecos,
1524 2214 1601 2251 aut
1630 2214 1808 2265 accepta
1851 2208 1906 2251 ab
1939 2208 2027 2250 illis
2058 2208 2215 2250 fecisse

242 2280 436 2333 meliora,
466 2294 577 2339 quae
610 2278 786 2339 quidem
819 2279 954 2337 digna
984 2281 1252 2334 statuissent,
1283 2280 1504 2339 inquibus
1538 2278 1849 2323 elaborarent“.
1881 2279 2058 2331 Quibus
2088 2293 2214 2321 accu-

243 2352 381 2394 ratius
411 2352 653 2408 perspectis
685 2351 869 2393 dubium
901 2366 987 2393 non
1020 2366 1116 2393 esse
1146 2357 1291 2408 putes,
1320 2352 1425 2409 quin
1459 2351 1615 2393 Cicero
1647 2350 1917 2406 tragoediam
1959 2349 2213 2400 Romanam,

107 2463 120 2486 ι(
176 2469 181 2474 ,
242 2439 504 2482 quamquam
552 2438 645 2466 eam
678 2439 704 2466 a
737 2422 919 2466 Graecis
963 2438 1059 2467 esse
1100 2422 1357 2466 translatam
1407 2422 1502 2480 ipse
1533 2420 1743 2474 concedit,
1774 2426 1919 2465 tamen
1951 2434 2013 2474 ea,
2047 2433 2158 2479 quae
2190 2433 2216 2462 a

152 2547 158 2549 „
244 2494 428 2539 Graecis
460 2495 744 2553 accepissent,
786 2494 942 2538 melius
985 2495 1099 2539 facta
1131 2499 1262 2552 atque
1292 2494 1466 2538 exculta
1512 2507 1775 2552 essequam
1820 2494 1916 2550 ipsa
1948 2490 2216 2534 Graecorum

101 2554 122 2617 ι,
166 2582 190 2617 s
243 2565 510 2625 exemplaria
541 2566 741 2609 senserit.
775 2568 843 2609 Ac
872 2567 1069 2625 proiecto
1101 2567 1144 2609 in
1177 2565 1471 2609 diiudicandis
1504 2565 1691 2622 singulis
1723 2565 1854 2607 rebus
1873 2563 2074 2606 Ciceroni
2106 2576 2215 2603 non-

114 2687 169 2701 ⁷
244 2640 377 2692 nulla,
408 2654 520 2696 quae
552 2638 738 2681 Romani
787 2645 864 2682 aut
896 2639 1154 2683 invenerant
1198 2645 1274 2681 aut
1318 2638 1612 2690 excoluerant,
1658 2651 1754 2680 cum
1797 2636 1872 2690 eis,
1918 2650 2030 2696 quae
2058 2633 2216 2679 Graeci

110 2763 129 2773 *1
176 2706 197 2712 ”
247 2710 568 2769 praestiterant,
611 2715 861 2768 comparata
894 2710 1072 2753 meliora
1103 2709 1238 2752 inisse
1271 2709 1491 2762 videntur,
1535 2710 1792 2767 praesertim
1824 2724 1922 2751 cum
1954 2707 2122 2760 Cicero,
2171 2713 2219 2749 ut

181 2816 192 2839 y.
245 2782 465 2826 homiuem
514 2795 614 2825 vere
658 2780 903 2825 Romanum
937 2796 984 2825 se
1016 2786 1270 2840 praestaret,
1301 2795 1364 2834 ea,
1396 2795 1507 2840 quae
1539 2795 1638 2823 cum
1669 2780 1722 2823 ad
1746 2795 1885 2833 usum,
1915 2785 2009 2822 tum
2041 2778 2097 2822 ad
2129 2794 2217 2822 rem

68 2904 96 2921 τι
122 2906 142 2924 ,υ
212 2922 215 2924 μ
387 2877 415 2917 “)
439 2888 473 2922 p,
500 2876 556 2911 57.
583 2876 638 2912 58.
666 2876 722 2912 59.
764 2877 896 2919 Quanti
920 2877 1153 2912 aestimaverit
1188 2876 1344 2921 singulos
1376 2876 1454 2910 illos
1491 2876 1701 2909 Graecorum
1726 2876 1885 2919 tragicos,
1919 2875 2052 2920 optime
2076 2887 2220 2919 cognos-

135 2930 154 2968 ’ᾗ
224 2958 226 2960 -
244 2937 335 2974 citur
357 2950 402 2973 ex
426 2938 502 2973 loco
526 2936 586 2973 Or.
612 2936 647 2981 4,
685 2936 747 2972 ubi
773 2936 938 2983 Sophocli
973 2943 1151 2983 tamquam
1175 2935 1327 2982 palmam
1366 2937 1557 2982 poetarum*
1587 2933 1800 2980 tragicorum
1825 2932 1974 2970 tribuere
2010 2932 2150 2969 videtur
2173 2932 2222 2969 ita

94 2999 111 3016 ¹³
245 2996 439 3044 disserens:
467 2996 584 3039 „Nam
608 2997 646 3030 in
671 2996 783 3041 poetis
808 3007 880 3030 non
894 2996 1051 3031 Homero
1075 2996 1144 3030 soli
1167 2996 1263 3029 locus
1287 3001 1341 3029 est
1373 3015 1406 3020 —
1436 3000 1475 3028 ut
1488 2994 1532 3027 de
1545 2993 1688 3027 Graecis
1706 2994 1828 3038 loquar
1854 3013 1896 3018 —
1922 2999 1985 3027 aut
2008 2993 2221 3027 Archilocho

234 3061 306 3092 'aut
331 3056 495 3102 Sophocli
524 3050 588 3092 aut
609 3056 773 3101 Pindaro,
799 3057 860 3093 sed
884 3058 1011 3093 horum
1035 3057 1090 3093 vel
1114 3055 1275 3093 secundis
1300 3055 1357 3092 vel
1380 3053 1471 3090 infra
1495 3052 1698 3091 secundos“.
1724 3053 1766 3090 ef.
1786 3052 1893 3089 etiam
1918 3051 1962 3089 de
1985 3064 2034 3089 or.
2060 3049 2093 3088 3.
2116 3049 2148 3087 7.
2164 3049 2220 3087 27.
