2461 3690
242 311 511 358 Graecorum
545 327 708 356 morem
741 312 811 356 vel
844 313 1064 357 condendi
1095 314 1310 359 rationem
1340 314 1546 374 componi
1568 306 1730 359 ‘solitas
1778 326 1890 372 esser
1905 323 1984 378 ⁸⁶9

244 392 292 428 ut
322 401 368 427 re
402 400 506 429 vera
538 385 653 429 inter
684 385 790 429 haec
820 385 909 430 duo
942 386 1133 443 tragicae
1163 385 1462 431 Romanorum
1495 385 1669 445 'poesis‘
1688 401 1848 445 genera
1880 381 2108 448 nullam(

243 455 426 500 rentiam
459 456 670 501 interesse
703 456 904 501 Ciceroni
937 456 1067 516 plane
1097 471 1354 517 persuasum
1396 458 1540 502 fuerit.
1915 450 1919 451 ⁷
2108 501 2110 505 ,

382 527 469 570 His
502 529 637 584 igitur
668 528 724 571 ad
756 529 883 572 finem
916 529 1141 587 perductis
1184 530 1229 572 in
1262 544 1313 572 eo
1346 544 1509 582 sumus,
1557 537 1616 583 ut,
1660 530 1766 589 quid
1799 530 1955 574 Cicero
1999 529 2055 573 de
2098 519 2203 594 ⁶}in

241 616 271 655 g
290 599 419 641 ulis
454 598 750 642 Romanorum
784 600 927 656 poetis
959 599 1140 656 tragicis
1172 599 1446 653 iudicaverit,
1477 600 1789 643 examinemus.
1839 599 1969 643 Hanc
2000 590 2244 660 quaestissssf

243 686 340 713 nem
373 675 559 713 tractare
590 684 642 712 eo
675 669 852 712 maioris
885 683 1043 728 operae
1075 664 1206 728 pretii
1238 683 1334 712 esse
1365 668 1553 722 videtur,
1596 668 1714 729 quod
1746 668 1848 712 inde
1879 670 2018 728 magis
2049 683 2198 730 perspi
2237 722 2241 725 ⁸

243 756 370 782 cuum
403 742 487 793 fiet,
521 747 667 782 utrum
700 741 856 783 Cicero
888 740 942 782 de
974 740 1201 797 tragoedia
1231 740 1431 783 Romana
1463 741 1570 783 satis
1601 746 1802 783 accurate
1836 746 1967 797 atque
2005 741 2248 799 exquisite}

243 811 411 868 iudicia,
436 827 514 856 sua
545 811 795 871 conceperit
826 826 970 856 necne.
1959 804 1962 808 ¹
2221 804 2236 819 ⁴

385 1025 643 1068 Proximum
679 1031 757 1076 est,
790 1031 849 1078 ut,
882 1026 988 1085 quid
1022 1025 1076 1069 de
1108 1025 1148 1068 L
1169 1027 1182 1069 i
1200 1027 1302 1070 vio
1333 1025 1530 1079 senserit,
1560 1025 1713 1084 paucis
1729 1040 2010 1083 exponamuS.
2041 1024 2220 1083 Livium

242 1097 356 1139 enim
392 1096 708 1150 Andronicum,
753 1111 882 1154 quem
914 1096 1106 1140 tabulam
1138 1098 1348 1155 tragicam
1378 1097 1567 1156 primum
1599 1096 1803 1139 docuisse
1835 1102 2019 1153 constat,
2064 1096 2231 1140 Cicero

240 1167 293 1209 de
328 1168 554 1223 tragoedia
586 1167 787 1210 Romana
819 1182 870 1209 eo
903 1168 1015 1210 bene
1047 1169 1258 1219 meruisse
1290 1169 1437 1220 sentit,
1478 1166 1597 1226 quod
1627 1167 1798 1211 fabulas
1831 1167 2023 1211 Graecas
2055 1167 2239 1211 solidas

240 1238 407 1280 sincere
440 1243 484 1281 et
515 1237 569 1281 ad
605 1237 787 1281 verbum
833 1238 878 1280 in
911 1238 1106 1295 linguam
1138 1238 1342 1282 Latinam
1375 1237 1606 1282 convertit.
1653 1237 1931 1296 Quamquam
1963 1238 2119 1283 mirum
2152 1237 2246 1286 vie*

239 1309 331 1351 (leri
367 1323 453 1351 non
488 1308 632 1362 debet,
663 1308 781 1367 quod
814 1309 907 1351 eius
939 1308 1114 1352 tabulas
1147 1322 1233 1352 non
1267 1308 1375 1352 satis
1407 1308 1564 1366 dignas
1595 1308 1762 1359 habuit,
1810 1314 1937 1367 ‘quae
1968 1308 2134 1350 iterum·
2156 1307 2233 1349 le·-

237 1380 459 1436 gerentur’
475 1382 535 1435 ¹):
569 1395 758 1438 namque
789 1394 836 1422 re
867 1394 973 1421 vera
991 1379 1195 1422 Ciceroni
1227 1380 1320 1422 eius
1353 1379 1546 1422 carmina
1574 1385 1619 1421 et
1636 1378 1809 1422 fabulae
1825 1378 1955 1422 valde
1986 1378 2226 1436 abhorrere

242 1450 381 1493 videri
417 1455 625 1507 poterant
652 1449 708 1493 ab
741 1463 890 1492 eorum
923 1453 1164 1506 poetarum,
1195 1450 1271 1506 qui
1306 1449 1435 1492 Livio
1468 1455 1783 1503 successerunt,
1832 1448 2004 1492 fabulas
2042 1462 2219 1506 compo-

238 1520 371 1563 nendi
403 1521 623 1577 ratione.²)
661 1521 773 1565 Utut
804 1536 873 1563 res
907 1535 952 1563 se
987 1520 1187 1573 habebat,
1233 1521 1537 1565 auctoritatem
1568 1525 1701 1578 atque
1729 1519 1928 1576 gratiam,
1976 1533 2106 1578 quam
2125 1518 2217 1562 Li·
2269 1524 2272 1575 J
2298 1511 2312 1585 ξ

240 1592 339 1633 vius
374 1591 507 1635 Musa
541 1591 714 1635 Graeca
762 1592 806 1634 in
842 1598 1001 1635 terram
1034 1591 1275 1635 Romanam
1324 1591 1537 1636 translata
1589 1590 1673 1634 sibi
1714 1590 1899 1648 paravit,
1946 1604 1971 1632 a
2004 1588 2216 1632 Cicerone

240 1677 515 1720 nequaquam
549 1678 645 1706 esse
677 1664 954 1706 obscuratam
1001 1664 1129 1705 docet
1169 1662 1291 1705 locus
1339 1662 1468 1706 Tusc.
1500 1662 1614 1720 disp.
1646 1661 1682 1715 I,
1718 1665 1754 1715 1,
1781 1663 1821 1715 3,
1869 1678 1956 1721 quo
1986 1660 2213 1705 Romanos

237 1749 334 1776 sero
369 1748 395 1776 a
427 1732 609 1777 Graecis
655 1739 791 1777 artem
839 1735 1054 1792 poeticam
1102 1734 1321 1791 accepisse
1365 1732 1473 1777 dicit
1512 1739 1556 1777 et
1581 1732 1703 1779 Livii
1735 1728 1922 1792 quadam
1956 1747 2053 1776 cum
2086 1732 2215 1777 laude

240 1804 504 1848 mentionem
536 1806 696 1863 facit.³)
2308 1847 2326 1861 ,-
2357 1851 2371 1861 ἡ

379 1876 614 1920 Naevio
647 1877 833 1920 similem
864 1875 1080 1934 quendam
1100 1876 1296 1920 debitum
1324 1876 1532 1920 honorem
1550 1882 1682 1935 atque
1699 1876 1873 1920 laudem
1891 1876 2047 1921 Cicero
2062 1875 2217 1919 iisdem
2279 1904 2307 1913 -.

238 1947 346 1989 locis
379 1947 546 1990 tribuit.
578 1947 667 1991 Sed
699 1948 743 1990 in
776 1949 871 1990 eius
905 1948 1067 1990 fabulis
1100 1948 1287 1991 maxime
1318 1947 1471 1990 laudat
1501 1947 1739 1992 nonnullos
1770 1947 1904 2000 locos,
1936 1947 2096 2005 quibus
2119 1961 2217 1990 sen-
2292 2000 2296 2003 Π
2418 2001 2441 2010 Γ·

237 2017 399 2060 tentiae
432 2017 476 2060 in
510 2017 765 2062 universum
800 2023 1049 2075 spectantes
1083 2018 1373 2061 continentur.
1422 2017 1493 2061 Ita
1523 2017 1709 2061 maxime
1740 2017 1780 2060 ei
1812 2017 1980 2075 placuit
2011 2016 2216 2061 Hectoris
2254 2069 2256 2072 ‚

238 2088 554 2143 proficiscentis
588 2087 762 2130 fabulae
796 2089 1054 2139 versiculus,
1086 2103 1173 2145 quo
1194 2089 1363 2131 Hector
1380 2089 1492 2144 patri
1512 2103 1591 2130 suo
1609 2088 1788 2131 Priamo
1820 2089 2016 2131 modeste
2034 2102 2214 2144 respon-

237 2157 340 2201 dere
372 2164 555 2215 putatur
588 2157 722 2201 haec:
770 2157 939 2212 „laetus
973 2174 1067 2202 sum
1099 2157 1270 2203 laudari
1302 2174 1369 2203 me
1401 2157 1479 2208 abs
1510 2163 1565 2213 te,
1611 2163 1747 2217 pater,
1777 2174 1804 2203 a
1834 2156 2013 2203 laudato
2048 2157 2216 2214 viro“,‘)

237 2228 399 2271 deinde
434 2228 543 2271 illud
577 2228 907 2272 celeberrimum
939 2228 1085 2282 „Male
1117 2235 1243 2288 parta
1274 2230 1387 2273 male
1418 2230 1752 2287 dilabuntur‘st),
1786 2230 1855 2274 vel
1885 2244 2008 2283 „sero
2039 2230 2218 2287 sapiunt
2276 2253 2314 2290 ἦ
2380 2269 2387 2276 ,

236 2301 511 2358 Phryges“.⁸)
546 2299 657 2342 Eius
690 2300 864 2343 tabulae
897 2307 1207 2358 praetextatae,
1239 2302 1307 2344 cui
1339 2317 1393 2344 ex
1417 2300 1650 2345 Ribbeckii
1683 2301 1933 2344 coniectura
1949 2299 2215 2354 inscribitur,
2374 2288 2379 2299 ’

239 2371 353 2427 Lupi
386 2371 647 2414 sententiam
679 2370 801 2413 illam
834 2386 931 2414 cum
966 2372 1095 2415 lande
1128 2378 1450 2425 commemorat,
1497 2386 1585 2430 qua
1615 2386 1742 2422 senes
1777 2372 1820 2415 in
1853 2371 1986 2415 rebus
2026 2371 2216 2429 publicis
2279 2365 2291 2373 ”

232 2441 437 2498 gerendis
470 2441 675 2485 anteferri
710 2441 849 2485 solere
882 2441 1113 2487 dicuntur:
1147 2443 1502 2496 „proveniebant
1529 2448 1725 2486 oratores
1742 2443 1860 2496 novi,
1893 2442 2015 2486 stulti
2042 2441 2240 2486 adules-—

233 2512 469 2562 centuli“.⁷)
2294 2568 2300 2570 ,
2318 2558 2327 2565 ,-

376 2584 516 2627 Porro
550 2584 690 2637 nobis,
723 2583 830 2641 quid
863 2584 1021 2628 Cicero
1054 2585 1108 2628 de
1139 2585 1299 2629 Naevii
1332 2594 1531 2629 sermone
1563 2584 1632 2628 vel
1655 2584 1902 2628 elocutione
1935 2584 2030 2641 ipsa
2045 2583 2213 2640 tragica
2275 2576 2293 2586 ⁹

376 2681 402 2724 ¹)
429 2680 527 2716 Brut.
557 2680 613 2717 18.
640 2680 698 2716 71.
2331 2717 2369 2731 q„

376 2740 405 2784 ²)
432 2742 593 2781 Quocum
618 2741 749 2777 iudicio
776 2754 955 2787 compares
985 2743 1034 2787 id,
1059 2744 1153 2789 quod
1179 2742 1302 2777 Livius
1327 2741 1450 2778 XVII.
1476 2741 1522 2777 37
1548 2741 1591 2777 de
1615 2740 1770 2776 carmine
1794 2740 1832 2774 in
1858 2739 2032 2774 Iunonem
2056 2738 2214 2785 reffluam
2235 2749 2238 2754 ·
2307 2730 2366 2792 {2

234 2798 367 2844 scripto
392 2798 500 2833 dicit:
529 2800 612 2842 „illa
636 2805 843 2847 tempestate
867 2801 1011 2836 forsitan
1036 2802 1208 2837 laudabile
1234 2801 1379 2836 rudibus
1403 2801 1565 2846 ingeniis,
1592 2812 1686 2835 nunc
1710 2799 1899 2833 abhorrens
1915 2804 1958 2839 ‚et
1981 2799 2212 2841 inconditum,

231 2858 260 2891 si
286 2858 486 2893 referatur.“
2104 2867 2109 2871 ”

371 2916 399 2961 ¹)
425 2916 513 2951 Cato
539 2916 624 2950 Mai.
652 2916 708 2953 50.

372 2978 400 3021 ⁴)
425 2977 469 3010 ad
495 2977 595 3012 Fam.
622 2978 703 3013 XV.
730 2977 763 3014 6.
792 2978 809 3011 1
838 2979 940 3014 Tusc.
968 2980 1033 3022 1v,
1058 2980 1116 3022 31,
1142 2980 1187 3014 67
1220 2981 1264 3015 ad
1290 2981 1370 3016 fam.
1397 2981 1440 3016 V.
1470 2980 1523 3015 12.
1552 2979 1583 3015 7.

375 3035 402 3079 ⁸)
428 3034 518 3070 Phil.
548 3035 599 3078 II,
625 3034 682 3072 27.
709 3036 765 3072 66.

373 3096 405 3138 ⁸)
430 3095 476 3129 ad
501 3095 583 3131 fam.
610 3095 697 3138 VII,
725 3097 781 3140 16,
809 3098 839 3133 1.

373 3154 401 3199 “’)
428 3153 503 3190 Cat.
531 3153 617 3189 Mai.
644 3153 676 3190 6.
705 3155 764 3193 20.
