2461 3743
425 424 427 427 ι
470 415 477 424 Α,
505 367 633 423 ζώω
656 375 878 414 oratorum
904 385 1002 414 cam
1031 366 1210 427 tragicis
1242 360 1385 433 poetis
1430 370 1733 428 cognationem
1767 386 1962 429 premere
2008 387 2094 416 non
2126 371 2209 415 du-

324 501 327 504 ,
439 439 602 511 Quam
632 456 722 487 rem
755 432 933 501 attingit
965 440 1019 485 de
1050 447 1158 484 orat.
1188 440 1448 494 111.7.27‚
1498 442 1571 484 ubi
1604 441 1811 485 Crassum
1859 458 1912 485 ex
1945 457 2024 486 sua
2067 444 2207 501 ipsius

203 570 225 587 ,
377 511 456 555 'tia
475 504 772 563 affirmantem
797 512 974 556 inducit
1006 513 1274 556 Graecorum
1306 515 1448 570 poetis
1493 513 1671 571 tragicis
1706 513 1938 571 Aeschylo,
1987 513 2210 572 Sophocli,

118 594 127 601 “
190 557 459 644 Ῠ-Ἑίιῃριὼ,
503 583 703 640 quamvis
734 598 883 626 eorum
916 560 1133 626 scribendi
1180 588 1311 641 atque
1342 583 1550 641 loquendi
1582 598 1741 641 genera
1773 584 2006 628 dissimilia
2050 591 2208 636 essent,

191 704 198 707 Α
237 646 384 708 tamen
406 668 562 711 parem
595 669 753 711 paene
763 654 935 697 laudem
967 653 1129 696 tribui.
1162 651 1261 696 inde
1295 654 1428 711 igitur
1457 654 1584 698 facile
1616 661 1813 712 apparet,
1859 655 2127 705 Ciceronem,
2161 662 2208 698 ut

194 712 459 778 sdmtorum
505 725 713 783 loquendi
761 740 921 782 genera
967 725 1081 768 inter
1113 739 1159 767 se
1190 724 1421 768 dissimilia
1467 726 1602 769 tuisse
1650 741 1904 783 persuasum
1938 727 2102 779 habuit,
2149 727 2210 768 ita

192 787 416 858 1‚⁰‚q'⁴uoque
445 794 500 838 ad
532 799 684 853 poetas
717 795 906 853 tragicos
954 794 1260 838 diiudicandus
1294 796 1375 837 hoc
1422 796 1655 838 discrimen
1709 798 1892 838 maxime
1934 797 2078 839 valere
2111 812 2209 839 sen·

201 865 362 907 „sisse
393 865 547 924 Neque
580 866 739 908 desunt
771 873 1038 923 argumenta,
1069 867 1299 923 exquibus
1331 866 1488 923 conligi
1523 873 1679 924 potest,
1711 867 1965 910 Ciceronem
1983 867 2204 926 quandam

194 980 199 983 ,
239 932 459 981 scribendi
484 952 696 993 generum
730 936 1020 993 differentiam
1056 936 1099 979 in
1120 936 1304 993 singulis
1337 951 1509 994 quoque
1527 935 1824 979 Romanorum
1858 938 2033 994 tragicis
2066 938 2209 994 poetis

199 1005 355 1049 “cerni
388 1021 518 1064 posse
550 1006 832 1059 intellexisse,
862 1006 1031 1064 etiamsi
1068 1021 1153 1049 non
1171 1007 1280 1049 satis
1311 1013 1511 1049 accurate
1531 1008 1809 1063 perspexisse
1832 1007 2017 1059 videtur,
2049 1008 2210 1064 quibus

208 1078 427 1123 ’.zmuime
458 1077 589 1121 rebus
636 1077 798 1134 singuli
831 1077 895 1120 illi
927 1077 1223 1121 Romanorum
1257 1077 1409 1134 tragici
1458 1078 1573 1119 inter
1606 1092 1651 1120 se
1684 1076 1912 1119 differrent
1961 1083 2210 1135 quantaque

239 1146 316 1191 ina
348 1147 596 1192 differentia
628 1155 753 1191 esset.
818 1147 906 1195 Hic
937 1154 1081 1192 autem
1114 1154 1215 1192 ante
1263 1148 1407 1191 omnia
1440 1148 1567 1190 nobis
1614 1163 1700 1190 non
1748 1147 2097 1191 obliviscendum
2146 1155 2215 1190 est

197 1264 217 1279 ,Ι
240 1218 498 1270 Ciceronem
530 1219 628 1271 iam,
681 1226 728 1262 ut
760 1235 910 1262 verum
943 1220 1050 1263 artis
1081 1219 1323 1262 rhetoricae
1354 1225 1680 1277 praeceptorem
1714 1234 1759 1262 se
1791 1219 2030 1277 praeberet,
2077 1220 2210 1262 ratio-

217 1306 336 1339 -nem
368 1291 587 1350 quandam
622 1292 735 1335 inter
767 1295 903 1334 artem
936 1290 1145 1348 tragicam
1191 1295 1236 1333 et
1266 1289 1380 1333 inter
1421 1289 1593 1332 dicendi
1641 1296 1776 1332 artem
1810 1290 2078 1332 intercedere
2124 1298 2212 1332 sta-

238 1365 361 1404 tuere
395 1360 600 1405 voluisse.
631 1361 744 1404 Nam
777 1361 1013 1403 severitate
1044 1367 1088 1402 et
1117 1362 1335 1416 gravitate
1356 1362 1576 1403 sermonis
1599 1361 1754 1416 tragici
1787 1368 1831 1403 et
1851 1360 2066 1403 eiusmodi
2101 1361 2207 1403 locis

176 1462 181 1476 >
241 1432 309 1473 vel
342 1433 611 1488 singularum
644 1432 890 1475 fabularum
922 1433 1065 1475 scenis
1097 1438 1320 1489 permotus
1351 1431 1597 1476 oratoribus
1632 1430 1782 1484 suasit,
1827 1437 1875 1474 ut
1904 1430 1987 1474 arti
2021 1431 2211 1488 tragicae

240 1517 286 1546 se
316 1502 637 1561 quodammodo
684 1501 1070 1546 accommodarent.
1133 1501 1266 1554 Quod
1314 1517 1365 1545 eo
1398 1503 1527 1545 etiam
1571 1503 1861 1553 confirmatur,
1906 1503 2023 1559 quod
2057 1502 2211 1544 Cicero

240 1573 334 1632 ipse
365 1576 515 1631 teste¹)
546 1573 785 1617 Plutarcho
817 1574 859 1615 in
894 1573 1043 1617 Roscii
1075 1580 1119 1616 et
1151 1575 1314 1631 Aesopi
1349 1574 1610 1616 histrionum
1643 1573 1922 1631 disciplinam
1955 1589 2000 1616 se
2033 1573 2208 1616 dedisse

239 1646 388 1688 fertur.
419 1646 646 1697 Quantum
676 1651 822 1689 autem
852 1662 923 1689 ars
955 1646 1217 1704 tragicorum
1247 1644 1513 1689 histrionum
1562 1645 1617 1689 ad
1651 1646 1739 1689 vim
1772 1645 2006 1689 oratoriam
2056 1644 2210 1687 melius

209 1708 211 1711 ⁴
241 1717 545 1775 proferendam
577 1722 710 1774 atque
742 1717 1117 1760 commentandum
1149 1717 1347 1768 valuerit,
1381 1717 1634 1759 Ciceronem
1655 1718 1818 1774 optime
1849 1718 2110 1774 cognovisse
2145 1719 2210 1758 in-

240 1787 460 1843 tellegitur
493 1802 548 1829 ex
578 1787 676 1829 loco
722 1786 776 1830 de
808 1795 979 1832 oratore
1010 1788 1046 1840 I,
1076 1790 1147 1841 59,
1179 1790 1261 1831 221
1279 1806 1299 1831 :-
1345 1790 1476 1841 ‘Quis
1507 1795 1636 1846 neget
1668 1805 1779 1846 opus
1826 1804 1922 1832 esse
1953 1789 2114 1832 oratori
2166 1788 2207 1830 in

221 1857 320 1912 ⁴hoc
350 1859 541 1900 oratorio
573 1864 693 1900 motu
724 1865 929 1917 statuque
949 1859 1109 1902 -Roscii
1140 1865 1311 1916 gestum
1353 1866 1396 1902 et
1427 1859 1730 1903 venustatem’.
2024 1858 2034 1870 ¹

335 1951 338 1956 »
376 1927 475 1971 Jam
507 1934 653 1971 autem
687 1929 731 1971 in
764 1928 845 1972 hac
894 1930 1150 1988 quaestione
1191 1923 1417 1972 tractanda
1448 1945 1499 1972 eo
1530 1931 1750 1986 progressi
1784 1945 1947 1982 sumus,
1995 1937 2053 1982 ut,
2101 1930 2207 1987 quid

235 1998 293 2042 ‚de
321 2005 414 2041 arte
444 1999 706 2055 tragicarum
738 1999 984 2042 fabularum
1016 2001 1280 2056 agendarum
1328 2001 1468 2057 deque
1495 2016 1647 2043 scenae
1689 2001 1878 2057 tragicae
1922 2000 2208 2058 apparatibus

196 2075 199 2076 ⁷
239 2071 435 2122 senserit,
466 2070 617 2128 paucis
649 2085 930 2128 exponamus.
962 2071 1160 2124 Quarum
1193 2086 1334 2113 rerum
1368 2070 1623 2114 Ciceronem
1643 2085 1854 2113 summam
1876 2070 2209 2127 intelligentiam

237 2149 284 2185 et
313 2128 751 2186 notitiam⁸'habuisse
783 2143 886 2185 item
920 2157 974 2185 ex
1005 2142 1099 2185 eius
1130 2142 1256 2185 libris
1285 2143 1489 2199 cognosci
1523 2148 1682 2199 potest,
1732 2143 1793 2185 ita
1825 2150 1873 2185 ut
1903 2141 2005 2185 inde
2037 2157 2210 2200 quoque

239 2228 396 2269 magno
427 2228 524 2256 cum
557 2213 705 2257 studio
737 2215 780 2256 in
814 2213 995 2269 tragicis
1026 2213 1169 2270 poetis
1201 2228 1297 2255 eum
1330 2220 1587 2270 occupatum
1619 2214 1755 2257 tuisse
1788 2214 1914 2256 nobis
1946 2213 2075 2256 liceat
2106 2228 2212 2255 con—

239 2283 426 2327 cludere.
473 2283 596 2337 Quot
628 2299 826 2343 quasque
857 2283 1027 2326 fabulas
1059 2283 1234 2340 penitus
1265 2283 1463 2340 cognitas
1495 2283 1697 2327 habuerit
1744 2284 1814 2326 vel
1847 2285 2032 2325 maxime
2076 2283 2215 2325 admi-

238 2360 360 2397 ratus
392 2355 463 2407 sit,
493 2354 607 2397 infra
641 2354 896 2397 videbimus.
932 2355 1020 2397 Hic
1044 2360 1144 2397 ante
1177 2349 1328 2397 omnia
1356 2361 1550 2397 nostrum
1585 2362 1654 2398 est
1672 2354 1897 2398 Ciceronis
1929 2355 1992 2398 rei
2024 2356 2213 2411 tragicae

240 2425 586 2483 intelligentiam,
618 2425 761 2482 quoad
794 2425 884 2468 fieri
917 2425 1030 2476 licet,
1075 2425 1208 2468 firmis
1241 2426 1509 2483 argumentis
1543 2426 1740 2483 probare.
1804 2427 1951 2482 Atque
1984 2426 2067 2469 arti
2116 2440 2213 2467 eum

188 2506 190 2508 ,
245 2504 332 2513 *-

238 2532 482 2579 compositum,
507 2531 557 2568 ita
581 2544 719 2578 quoque
743 2533 788 2567 ad
813 2544 925 2568 morae
949 2539 984 2568 et
996 2533 1130 2568 animos
1155 2534 1199 2568 ad
1213 2533 1376 2569 virtutem
1400 2534 1687 2578 honestatemque
1712 2533 1959 2568 conformanda
1982 2533 2204 2577 aptissimum

239 2592 402 2628 habuisse
425 2592 562 2628 videtur
599 2604 712 2638 neque
736 2593 893 2638 ignorare
929 2593 1043 2638 potuit
1082 2604 1274 2628 sermonem
1312 2593 1412 2628 illum
1449 2593 1617 2638 tragicum
1657 2592 1917 2632 sententiarum,
1955 2591 2082 2635 quibus
2108 2591 2206 2625 utilia

239 2652 332 2689 vine
357 2657 541 2698 praecepta
563 2652 795 2696 continentur,
822 2652 1062 2697 plenissimum
1087 2663 1161 2687 esse
1186 2652 1431 2697 Romanosque
1456 2652 1613 2687 omnium
1640 2651 1848 2696 populorum
1872 2649 2042 2685 eiusmodi
2067 2656 2207 2684 senten-

178 2737 181 2740 >
239 2712 377 2755 tiu-um,
414 2723 503 2757 quae
540 2712 585 2747 ad
625 2711 718 2746 vitae
756 2711 962 2757 sapientiam
1019 2716 1184 2757 spectent,
1237 2711 1492 2746 amantissimos
1531 2699 1646 2747 fuisse.
1698 2711 1820 2756 Neque
1857 2709 1925 2744 alia
1962 2721 2065 2744 causa
2105 2709 2211 2743 fuisse

72 2796 79 2803 .
94 2797 131 2815 ,
239 2770 389 2815 videtur,
427 2780 489 2805 cur
527 2769 649 2806 Cicero
689 2770 825 2815 scriptis
862 2770 935 2805 suis
978 2770 1193 2815 philosophis
1238 2776 1310 2804 tam
1348 2771 1474 2805 multas
1530 2771 1736 2815 tragicorum
1778 2768 1968 2805 sententias
2014 2769 2207 2804 inseruerit.

241 2831 294 2865 Ac
318 2831 471 2875 profecto
495 2835 586 2865 certe
610 2830 783 2865 neminem
825 2841 900 2865 esse
925 2830 1128 2875 putaverim,
1167 2829 1228 2874 qui
1253 2829 1423 2865 eiusmodi
1448 2830 1551 2872 dicta,
1594 2829 1712 2874 qualia
1735 2828 1963 2862 inveniuntur
1999 2827 2092 2872 apud
2118 2828 2215 2860 Cice-

58 2932 67 2941 ,
239 2901 359 2925 ronem
384 2889 488 2924 Tusc.
516 2889 582 2924 IV.
608 2888 717 2925 33.70
741 2889 905 2934 „Flagitii
931 2889 1141 2934 principium
1165 2894 1217 2923 est
1241 2889 1373 2923 nudare
1397 2889 1490 2923 inter
1513 2888 1607 2922 cives
1631 2891 1809 2932 corpora“‚
1854 2887 1898 2921 de
1923 2887 1981 2922 fin.
2009 2887 2060 2928 11,
2089 2886 2143 2928 13,
2170 2885 2213 2919 41

91 2964 141 2994 ..ψ
163 2940 183 2955 ⁷
239 2949 422 2992 „Nimium
448 2949 531 2983 boni
555 2954 618 2991 est,
646 2948 705 2983 cui
731 2948 821 2983 nihil
845 2954 898 2983 est
922 2948 1040 2992 mali“,
1066 2948 1169 2984 Tusc.
1198 2948 1241 2991 V,
1269 2947 1324 2992 18,
1351 2947 1397 2983 52
1422 2947 1599 2992 „Proinde
1623 2947 1674 2981 ita
1690 2952 1813 2992 parent
1837 2957 1873 2980 se
1898 2945 1934 2979 in
1949 2945 2033 2987 vita,
2060 2951 2098 2978 ut
2124 2943 2214 2977 vinci

239 3008 433 3052 nesciant“,
470 3008 606 3043 sivein
631 3019 735 3042 scena
770 3018 850 3042 cum
876 3007 1007 3051 tragica
1041 3007 1222 3042 severitate
1246 3002 1516 3051 proferebantur,
1555 3007 1629 3040 sive
1666 3007 1880 3049 legebantur,
1923 3006 1967 3038 ad
2006 3004 2215 3038 exoelendos

240 3069 349 3104 bonos
374 3067 486 3104 mores
511 3068 661 3103 valuisse
691 3078 762 3102 non
786 3067 975 3112 intellegat.

381 3130 407 3175 Ι)
432 3128 504 3165 vit.
533 3126 605 3164 Cic.
631 3140 661 3164 c.
689 3127 721 3164 ὅ.
