2461 3743
576 360 582 415 ’ἡ
602 370 640 412 'x
646 346 902 401 ab'Enmo
936 344 1128 417 egregiis
1171 352 1316 400 verbis
1354 343 1577 415 descripta
1626 371 1818 400 summae
1862 357 2141 400 delectationi
2173 358 2211 399 ei

558 420 561 421 ⁷
596 452 618 470 ,κ
682 428 826 485 Atque
858 427 1032 483 ingenio
1077 428 1121 470 et
1167 426 1360 472 moribus
1404 422 1740 471 Andromachae
1786 427 2016 471 Ennianae
2058 427 2213 471 Cicero

426 480 615 562 *cinctus
645 503 738 550 est3
785 496 896 540 illud
926 498 1040 555 enim
1073 492 1256 552 carmen,
1302 497 1435 557 quod,
1481 503 1577 541 c'um
1611 498 1695 541 iam
1727 497 1888 541 Priami
1922 499 2041 554 regia
2069 497 2214 540 deleta

440 613 443 615 ,
492 582 624 626 -puer
640 567 841 612 hostibus
858 569 1122 613 sacrificatus
1149 576 1279 622 esset,
1308 569 1386 613 illa
1413 569 1654 613 lamentans
1688 569 1855 616 cecinit,
1889 569 2042 612 Cicero
2075 575 2217 626 ‘prae-

377 642 425 696 m'
447 645 492 681 et
522 639 651 682 rebus
679 646 724 682 et
745 640 889 683 verbis
923 648 965 683 et
986 640 1127 684 modis
1156 641 1356 698 lugubre'
1386 641 1627 699 appellat.¹)
1660 641 1868 683 Eiusdem
1892 641 2047 683 cantici
2067 640 2213 690 verba,

397 707 705 753 Andromacha
735 710 790 753 ad
823 712 1038 755 miseriam
1072 702 1270 755 suamet
1286 712 1342 755 ad
1365 713 1575 755 maximos
1595 712 1707 764 illos,
1738 727 1850 768 quos
1869 726 2075 769 perpessa
2106 718 2211 763 erat,

294 773 436 838 bones,
465 780 628 823 referre
660 781 891 839 fingitur²)‚
923 788 1072 839 aperte
1088 782 1155 824 his
1176 783 1322 826 verbis
1338 782 1599 831 admiratur:
1632 798 1785 839 „quam
1803 782 1968 834 leniter,
1999 797 2128 839 quam
2151 796 2217 823 re-

191 843 385 915 33¹³&ss
402 866 531 909 quam
557 866 643 893 non
660 858 836 894 actuose
855 853 945 908 !³)“‚
962 867 1085 908 quae,
1103 854 1303 909 quamvis
1319 853 1532 909 egregiam
1548 853 1772 894 histrionis
1790 859 1925 894 artem
1943 852 2134 902 laudent,
2151 859 2216 894 ta-

214 918 351 976 iben
371 915 485 965 haud
513 922 637 980 parvi
672 923 878 966 momenti
909 939 1003 966 esse
1034 922 1240 967 videntur
1261 922 1317 967 ad
1334 923 1476 980 ipsum
1494 923 1719 967 Ciceronis
1751 922 1804 966 de
1825 922 1904 966 hac
1920 922 2071 966 fabula
2103 921 2218 965 iudi-

193 988 731 1053 fgciiim—inlu‘strandum.
763 993 958 1045 Accedit,
990 992 1119 1052 quod,
1151 993 1187 1036 si
1219 993 1361 1048 locum
1393 993 1447 1036 de
1479 1000 1566 1052 opt.
1597 1008 1693 1051 gen.
1723 1008 1782 1036 or.
1802 993 1912 1036 6.18
1945 993 2218 1051 respicimus,

253 1062 408 1119 Cicero
441 1064 794 1107 Andromacham
825 1066 1001 1107 omnino
1034 1066 1077 1106 in
1101 1067 1363 1121 optimarum
1395 1067 1638 1108 fabularum
1673 1080 1850 1107 numero
1868 1065 2009 1106 habet.
2042 1064 2214 1106 Deinde

250 1129 437 1194 Medeae
470 1125 696 1186 Ennianae
730 1150 878 1193 parem
911 1135 1205 1193 praestantiae
1237 1134 1407 1179 laudem
1442 1135 1835 1190 Cicerotribuit‘)
1866 1135 1965 1179 Jam
1989 1151 2041 1178 ex
2061 1150 2216 1192 magno

194 1201 433 1248 5⁷8³numero
465 1220 669 1249 versuum
701 1221 754 1249 ex
788 1207 867 1248 hac
897 1206 1046 1249 fabula
1078 1208 1350 1262 citatorum⁵)
1382 1207 1509 1249 facile
1528 1221 1787 1263 cognoscere
1805 1207 1918 1257 licet,
1951 1212 2220 1264 quantopere

219 1322 228 1334 ἦ
256 1282 306 1320 e'a
336 1276 576 1321 delectatus
609 1279 678 1321 sit.
728 1277 903 1320 Etenim
936 1278 1159 1321 Ciceronis
1190 1279 1336 1321 animo
1382 1279 1612 1321 maximam
1644 1276 1973 1320 admirationem
2021 1277 2229 1319 attulisse

192 1339 207 1390 Υ]
242 1346 436 1403 ¹videt-ur¹
462 1347 519 1400 id,
567 1347 682 1405 quod
718 1349 758 1390 in
794 1348 953 1391 Medea
1000 1349 1074 1391 illa
1106 1348 1265 1392 callida
1297 1349 1496 1391 Iasonem
1542 1349 1778 1391 crudeliter
1828 1348 2063 1390 ulciscendi
2111 1349 2221 1390 ratio

211 1406 365 1475 ῇζᾶιιῴ
384 1433 529 1466 amore
560 1420 735 1462 funesto
766 1425 810 1461 et
841 1434 1032 1462 maerore
1072 1420 1303 1462 coniuncta
1334 1435 1359 1462 a
1390 1424 1519 1477 poeta
1564 1428 1650 1462 tam
1687 1420 1794 1461 bene
1826 1426 2012 1477 apteque
2059 1418 2221 1461 descri-

239 1479 387 1531 bitur.
420 1488 574 1546 Neque
605 1488 786 1534 dubium
823 1496 905 1542 est,
954 1490 1058 1546 quin
1093 1491 1137 1532 in
1170 1491 1264 1533 eius
1298 1491 1499 1533 memoria
1530 1501 1574 1532 et
1604 1497 1745 1532 mente
1791 1491 1965 1547 penitus
2016 1489 2223 1531 insederit

228 1558 331 1605 &illa
362 1575 502 1613 scena,
535 1576 621 1618 qua
662 1560 819 1604 Medea
853 1560 1016 1612 Iasoni,
1063 1561 1179 1618 quod
1224 1577 1269 1605 se
1301 1563 1393 1605 sine
1425 1563 1514 1605 ullo
1546 1562 1711 1604 auxilio
1744 1561 2005 1618 reliquisset,
2052 1576 2220 1603 sommo

186 1624 214 1639 ²
256 1631 495 1688 opprobrio
526 1631 649 1674 dedit
682 1633 900 1691 verbaque
933 1630 1011 1674 illa.
1041 1632 1360 1690 desperationis
1393 1633 1646 1690 plenissima
1677 1632 1924 1690 protulit⁶jz

393 1695 397 1701 ’
470 1690 473 1694 ’
537 1701 667 1754 'Quo
701 1718 815 1745 nunc
847 1719 914 1746 me
949 1706 1158 1746 vortam?
1205 1703 1321 1761 quod
1355 1704 1437 1746 iter
1468 1703 1672 1760 incipiam
1705 1701 1903 1758 ingredi?

567 1772 742 1816 domum
774 1780 1056 1831 paternamne
1087 1789 1198 1817 anne
1228 1773 1282 1817 ad
1317 1774 1464 1817 Peliae
1496 1773 1640 1817 filias?

219 1847 224 1850 “
256 1842 325 1885 ‘ad
353 1863 356 1864 ⁷
383 1857 495 1901 quae
555 1844 663 1887 bene
726 1843 983 1902 proferenda
1042 1844 1164 1887 vocis
1223 1859 1361 1902 genus
1419 1844 1620 1898 flexibile,
1682 1844 1872 1903 plenum,
1932 1845 2223 1900 interruptum

204 1935 205 1938 ¹
257 1913 387 1958 flebili
423 1930 528 1957 voce
560 1916 818 1959 sumendum
850 1918 959 1959 esse’
1006 1918 1202 1971 censet7).
1250 1917 1335 1960 Sed
1369 1918 1579 1960 nonnulla
1626 1917 1668 1958 in
1717 1916 1796 1958 hac
1844 1915 1992 1957 tabula
2023 1915 2222 1957 Ciceroni

223 1977 390 2047 *iligna
423 1985 640 2039 videntur,
671 2003 781 2046 quae
813 1989 1199 2047 reprehendantur,
1230 1989 1346 2046 quod
1380 1989 1509 2031 nimis
1541 1987 1744 2030 subtilem
1778 1985 2118 2044 philosophandi
2153 2000 2222 2027 ra—

202 2069 214 2098 r·
237 2057 417 2118 'tionem
467 2048 678 2115 sophistis
722 2061 943 2117 propriam
992 2059 1255 2113 redoleant⁸)
1304 2060 1374 2103 vel
1420 2060 1475 2102 ad
1529 2059 1796 2117 perniciosos
1847 2072 1987 2100 mores
2033 2057 2226 2099 excitan—

202 2121 208 2162 ἶ
256 2120 338 2170 (los
378 2128 502 2171 ‘haud
535 2144 689 2186 parum
738 2131 964 2184 valeant⁹).
1014 2131 1124 2188 Tum
1159 2132 1203 2174 iu
1233 2131 1429 2188 Thyesta
1473 2131 1623 2175 fabula
1655 2130 1809 2172 Cicero
1857 2128 2066 2170 nonnulla
2097 2144 2223 2185 prae-

401 2226 425 2269 ¹)
451 2193 668 2271 Tuscfdisp.
696 2226 767 2270 ΙΙΙ,
795 2227 851 2270 19,
877 2227 934 2263 44-

393 2284 422 2328 ²)
446 2285 487 2319 fr.
512 2284 559 2326 X,
586 2284 653 2328 XI,
678 2285 755 2319 XII
780 2297 846 2321 sec.
874 2286 974 2323 Ribb.
1000 2284 1003 2286 ⁵

399 2344 426 2386 ³)
452 2343 495 2378 de
518 2348 604 2378 orat.
629 2344 701 2387 ΠΙ,
727 2343 783 2388 26,
812 2344 885 2381 101.

395 2404 423 2446 ·)
448 2403 490 2437 de
513 2403 574 2440 fin.
599 2404 629 2446 1,
654 2403 688 2447 2,
713 2404 746 2439 4.

397 2462 424 2507 5)
441 2456 491 2498 '0f.
516 2462 561 2497 de
582 2463 653 2497 sato
677 2462 759 2507 xv,
785 2462 849 2506 35;
875 2475 936 2510 pro
964 2463 1082 2498 coeno
1107 2463 1211 2506 vm,
1238 2462 1294 2505 18,
1320 2463 1365 2497 ad
1389 2464 1470 2499 fam.
1500 2464 1583 2508 vn,
1620 2464 1641 2498 6
1666 2465 1709 2499 de
1733 2465 1824 2501 deor.
1853 2471 1922 2501 nat.
1950 2464 2020 2508 111,
2047 2463 2102 2507 25,
2118 2464 2164 2498 65
2187 2472 2222 2499 et

255 2522 302 2557 ib.
329 2521 385 2558 29.
412 2521 456 2558 71
482 2528 517 2557 et
541 2512 643 2557 Tuse.
670 2522 758 2568 disp.
785 2523 850 2566 IV,
877 2522 934 2566 32,
961 2522 1017 2565 69,
1058 2523 1184 2567 quibus
1210 2524 1294 2556 locis
1330 2534 1428 2557 suam
1464 2524 1508 2558 de
1533 2529 1656 2558 natura
1693 2525 1746 2558 vel
1783 2525 1826 2558 de
1852 2525 1959 2558 animi
1997 2524 2221 2568 perturbatio-

195 2609 203 2612 ,
217 2580 362 2630 ‘Qu-ibus
385 2580 588 2627 opinionem
611 2582 781 2627 exemplis
805 2594 848 2617 ex
874 2582 991 2618 Ennio
1016 2582 1162 2627 sumptis
1186 2581 1377 2616 accuratius
1402 2583 1572 2618 declarare
1597 2583 1722 2619 studet.

397 2641 425 2684 ⁸)
449 2641 489 2676 fr.
515 2652 540 2674 x
564 2652 630 2676 sec.
656 2641 758 2676 Ribb.

403 2698 429 2744 ⁷)
454 2701 498 2737 de
521 2706 605 2738 orat.
631 2701 701 2745 111,
727 2699 782 2737 58.
808 2700 888 2737 217.

210 2796 213 2797 γ
369 2781 374 2782 ⁷
398 2761 428 2804 ⁸)
453 2760 498 2795 de
521 2760 594 2797 inv.
620 2760 650 2804 I,
675 2760 735 2796 41.
763 2759 806 2795 91
833 2761 877 2795 de
902 2760 1021 2805 Topic.
1050 2760 1105 2804 16,
1131 2760 1187 2804 61,
1226 2760 1269 2794 de
1293 2759 1363 2793 fato
1389 2759 1469 2801 XV,
1495 2758 1542 2792 35
1567 2758 1655 2792 Cum
1681 2759 1720 2794 fr.
1748 2759 1783 2792 I:
1826 2760 1996 2802 „Utinam
2020 2772 2064 2795 ne
2101 2761 2137 2794 in
2166 2773 2224 2795 ne·

195 2818 202 2839 7
259 2809 477 2857 more‘Pelio
501 2820 687 2856 securibus
706 2819 811 2855 'caesa
834 2820 1020 2856 accedisset
1043 2820 1190 2865 abiegna
1214 2819 1258 2853 ad
1282 2824 1407 2853 terram
1434 2824 1486 2852 tra
1549 2821 1570 2838 ‘⁴
1597 2818 1716 2851 nutrix
1741 2819 1988 2863 tamquam-ab
2014 2831 2080 2853 ovo
2105 2832 2225 2854 causas

258 2879 341 2921 mali
373 2884 607 2926 persequatur,
631 2877 744 2915 illam
785 2879 1066 2926 conquestionem
1091 2878 1238 2924 longius,
1275 2890 1380 2924 quam
1406 2890 1458 2914 res
1485 2877 1560 2923 ipsa
1587 2877 1767 2923 postulans
1787 2879 1968 2924 repetitam
2004 2892 2079 2915 esse
2103 2880 2223 2916 Cicero

213 2939 245 2976 'ff‘
257 2938 377 2984 Ennio
401 2939 531 2973 obicit:
555 2939 671 2973 eidem
695 2939 855 2975 Ciceroni
880 2945 999 2984 postea
1022 2939 1207 2973 assentitur
1232 2937 1469 2978 Quintilianus
1485 2937 1540 2982 ³·V‚
1568 2937 1623 2980 10,
1649 2937 1705 2970 84.

398 2996 426 3041 ¹)
452 2996 555 3032 Tusc.
580 2996 669 3043 disp.
698 2997 763 3042 IV,
788 2996 850 3043 32,
876 2996 921 3032 69
945 3009 986 3033 eo
1010 2998 1162 3033 ostensus
1196 3007 1269 3032 esse
1294 2995 1439 3040 videtur,
1478 2995 1581 3042 'quod
1606 2998 1709 3041 poeta
1734 2996 1894 3031 Medeam
1927 2996 2036 3032 ¹faciat
2061 2997 2226 3032 honorem

257 3045 367 3093 amori
391 3058 670 3102 postponentem?
694 3058 736 3092 cf.
753 3057 1000 3102 Schollmeyer.
1026 3069 1059 3102 p.
1088 3057 1142 3093 17.
1181 3056 1248 3090 Sed
1272 3067 1317 3090 ex
1341 3056 1461 3090 eodem
1498 3057 1573 3089 loco
1608 3056 1690 3090 item
1716 3062 1857 3101 apparet
1885 3056 2095 3098 Ciceronem,
2132 3057 2225 3100 quod

259 3114 447 3152 discrimen
472 3115 563 3151 inter
587 3115 694 3150 Ennii
718 3121 754 3151 et
779 3115 880 3150 Accii
903 3115 1072 3151 rationem
1096 3115 1239 3150 Medeae
1277 3115 1405 3149 amoris
1429 3114 1638 3154 inlustrandi
1664 3116 1899 3158 intercederet,
1938 3116 2025 3150 bene
2049 3116 2226 3159 cognitum

2133 3186 2156 3221 3
