2461 3690
243 221 528 297 histrionum
541 250 820 311 tragicorum,
852 254 964 313 quos
995 255 1152 314 optinii
1182 250 1444 311 fabularum
1460 255 1761 319 interpretis
1773 265 1776 268 ’

245 325 425 378 sciebat,
456 326 642 369 maxime
661 326 827 370 favisse
859 328 967 371 satis
986 327 1235 372 luculentae
1252 317 1478 374 declarant
1508 322 1836 388 adnotationes,
1857 323 1980 390 qnae

245 397 478 441 rhetoricis
509 399 625 450 fecit,
671 414 694 441 e
727 398 888 456 quibus
919 414 1004 441 non
1040 398 1171 442 modo
1201 399 1508 457 intellegimus,
1543 403 1821 466 quantopere
1853 402 2055 455 versatus

246 471 291 513 in
325 468 623 512 diiudicandis
657 470 842 526 singulis
878 471 1141 527 tragicorum
1175 476 1402 528 poctarum
1435 461 1743 526 locutionibus,
1776 472 1854 516 sed
1885 470 2053 539 etiam,
2066 480 2113 535 q

246 542 371 586 vocis
402 549 640 600 gestusque
673 538 916 584 virtutibus
945 541 1100 585 histrio
1132 542 1344 586 excellere
1374 541 1592 596 debuerit,
1626 549 1674 587 ut
1705 532 1871 604 populo
1901 543 2116 611 placeret(
2204 587 2206 590 ,
2235 595 2240 600 ,

247 614 301 656 de
334 621 442 657 orat
474 614 564 664 111,
594 615 666 665 58,
698 615 783 656 217
817 613 871 654 de
891 613 1011 655 vocis
1043 629 1201 670 genere
1232 628 1367 672 agens
1397 615 1525 672 plura
1555 615 1754 674 exempla
1784 630 1809 658 e
1839 616 2019 674 tragicis
2045 606 2244 673 111st.

248 702 350 729 uum
384 684 584 744 partibus
615 684 753 728 affert.
790 686 832 727 A
865 699 953 743 quo
985 685 1092 728 artis
1124 685 1394 730 histrionalis
1426 685 1573 731 studio
1607 685 1715 730 illud
1750 701 1940 748 quoque
1946 700 2132 756 praecep

247 759 490 816 proiectum
522 773 618 800 esse
652 756 837 809 videtur,
886 772 940 799 ex
961 773 1058 815 quo
1108 765 1302 801 oratores
1347 773 1454 801 voce
1484 764 1699 818 gestuque
1730 758 2045 816 tragoedorum
2084 758 2152 800 in.
2141 757 2192 801 d

248 828 387 870 cendo
418 828 576 871 Cicero
622 830 684 870 uti
720 828 872 871 voluit.
922 828 1123 886 Namque
1156 828 1373 872 interdum
1407 824 1590 874 revera
1633 831 1796 874 oratori
1844 845 2001 888 magna
2031 830 2172 875 vocis.

248 916 361 958 opus
392 915 489 943 esse
520 900 773 953 arbitratur,
805 900 866 943 ita
886 907 934 943 ut
959 900 1161 943 similiter
1191 907 1324 960 atque
1340 901 1538 958 tragoedi
1571 908 1737 946 ‘vocem
1769 916 1793 945 a
1825 900 2087 961 graVissimo
2117 899 2199 945 soii
2241 927 2301 959 ‚35

249 987 387 1029 usque
419 973 475 1015 ad
508 972 810 1015 acutissimum
844 986 999 1014 sonum
1032 972 1224 1029 recipere
1255 979 1300 1015 et
1317 973 1443 1029 quasi
1474 972 1796 1030 quodammodo
1828 971 2034 1030 colligere
2064 962 2266 1030 debue—
2285 977 2301 988 '‘

250 1043 363 1085 rint'.
398 1043 570 1086 Deinde
603 1042 813 1085 nonnulla
847 1043 945 1095 alia,
978 1040 1089 1100 q'uae
1120 1042 1176 1085 ad
1208 1048 1344 1085 artem
1378 1042 1677 1087 histrionalem
1712 1050 1924 1102 spectant,
1954 1043 2072 1102 apud
2104 1039 2237 1087 Cic&

252 1131 399 1158 ronem
433 1116 651 1171 leguntur.
706 1115 991 1172 Compertum
1023 1115 1136 1157 enim
1169 1130 1222 1156 ex
1254 1130 1305 1157 eo
1336 1114 1467 1158 hodie
1512 1115 1724 1159 habemus
1770 1116 1967 1160 scenicos
1998 1130 2084 1158 non
2114 1105 2241 1173 optiss

252 1202 357 1239 mas,
390 1186 466 1229 sed
500 1186 583 1228 sibi
615 1184 1092 1228 accommodatissimas
1127 1191 1275 1243 partes
1307 1186 1492 1243 elegisse
1523 1186 1597 1250 (de
1621 1188 1694 1229 ost.
1731 1186 1767 1239 Ι,
1797 1188 1867 1238 31,
1902 1187 2006 1243 114)
2040 1187 2231 1252 itemque

252 1260 457 1300 statarias
487 1264 531 1299 et
563 1258 771 1299 motorias
804 1262 951 1315 partes
983 1262 1027 1298 et
1057 1270 1144 1309 eaS,
1175 1271 1286 1313 quae
1316 1271 1375 1299 ex
1395 1256 1568 1301 duabus
1601 1257 1846 1314 rationibus
1866 1258 2025 1301 mixtae
2056 1256 2233 1310 tuerint,

251 1330 497 1372 discernere
545 1329 699 1372 solitos
732 1343 826 1371 esse
876 1328 1018 1384 (Brut.
1051 1328 1119 1371 30.
1160 1328 1275 1382 116).
1334 1328 1560 1372 Nonnulla
1591 1344 1764 1387 quoque
1813 1329 2073 1386 accepimus,
2120 1341 2238 1390 quae⁴

252 1409 427 1447 nostros
460 1402 628 1446 animos
677 1400 791 1445 haud
826 1400 1104 1444 mediocriter
1135 1401 1324 1459 capiant,
1369 1400 1506 1444 veluti
1541 1415 1748 1459 personas
1781 1400 2080 1459 superioribus
2123 1402 2253 1450 tem}-

251 1476 433 1534 poribus
466 1490 552 1517 non
586 1473 808 1517 adhibitas
839 1488 934 1515 esse
968 1473 1051 1515 nisi
1086 1473 1129 1515 in
1165 1473 1377 1530 partibus,
1423 1488 1534 1533 quae
1566 1470 1620 1515 ad
1654 1473 1837 1516 feminas
1870 1471 2231 1530 pertinebant'ek

252 1548 480 1591 Ciceronis
528 1563 627 1605 epp.
670 1545 727 1589 ad
774 1549 873 1590 iam.
906 1545 1021 1599 VII,
1054 1546 1081 1588 6
1112 1545 1307 1603 adparet,
1351 1560 1438 1603 quo
1471 1544 1607 1589 Ennii
1638 1544 1799 1589 Medea
1821 1544 1956 1588 -faciei
1988 1543 2134 1587 colore
2165 1542 2233 1597 in·

251 1621 385 1664 ducto
417 1627 460 1663 et
493 1620 695 1663 manibus
739 1619 1066 1676 gypsatissimis
1099 1617 1270 1661 ostendi
1304 1617 1476 1661 dicitur.
1524 1617 1687 1660 Postea
1717 1631 1814 1659 cum
1847 1629 2060 1674 personae
2105 1610 2232 1657 indu·

250 1699 462 1743 cerentur,
511 1691 678 1742 Cicero,
724 1705 801 1732 cur
844 1695 1116 1746 spectatores
1164 1688 1356 1731 fabulam
1404 1689 1582 1731 immoto
1634 1688 1756 1730 vultu
1789 1687 2050 1743 exciperent,
2098 1699 2149 1727 ea
2179 1684 2234 1728 de

250 1780 383 1807 eausa
428 1762 542 1806 haud
577 1763 734 1804 mirum
767 1766 928 1812 censet,
974 1758 1091 1816 quod
1125 1759 1326 1817 personis
1374 1759 1585 1803 adhibitis
1620 1758 1768 1802 vultus
1813 1756 2073 1801 obscuratur
2101 1761 2257 1813 atque-

250 1834 425 1887 recedit,
457 1849 544 1893 quo
573 1833 705 1876 animi
740 1839 1000 1876 moveantur
1037 1832 1109 1888 (cf.
1141 1831 1196 1874 de
1228 1845 1288 1874 or.
1319 1830 1409 1883 ΙΙΙ,
1439 1831 1513 1883 59,
1541 1831 1660 1885 221).
1693 1826 1978 1886 Perspicuum
2004 1833 2073 1871 est
2105 1826 2240 1870 Cice-⁷
2291 1855 2295 1858 -
2327 1852 2338 1857 -·

250 1906 343 1948 roni
377 1912 525 1963 partes
559 1905 652 1947 sine
670 1905 870 1962 personis
903 1904 1040 1955 datas,
1067 1919 1164 1946 cum
1184 1904 1245 1946 rei
1264 1903 1407 1961 ipsius
1426 1907 1609 1945 naturae
1625 1898 2041 1944 accommodatiores
2059 1897 2233 1950 sueri-nt,
2244 1939 2246 1942 ,
2304 1956 2307 1958 Β

249 1978 389 2032 magis
421 1976 652 2034 placuisse.
684 1975 885 2032 Namque
917 1991 1013 2017 eum
1048 1975 1193 2018 onmia
1226 1975 1271 2016 in
1298 1988 1372 2016 ore
1402 1980 1446 2016 et
1478 1973 1522 2014 in
1555 1971 1694 2014 oculis
1724 1986 1820 2014 esse
1840 1970 2034 2013 voluisse
2066 1960 2233 2012 indicat
2299 1972 2301 1975 ’

250 2048 371 2091 locus
404 2048 457 2091 de
490 2046 749 2100 or.11‚46,
788 2047 878 2090 193
916 2046 1047 2106 „quid
1082 2051 1227 2105 potest
1255 2060 1351 2089 esse
1397 2051 1486 2088 tam
1518 2044 1677 2096 fictum,
1724 2056 1856 2101 quam
1888 2055 2054 2094 versus,
2101 2052 2232 2099 quam
2322 2094 2326 2097 θ

249 2135 390 2170 scena,
422 2135 552 2176 quam
585 2120 794 2162 fabulae?
839 2125 982 2162 tamen
1035 2119 1077 2160 in
1110 2117 1192 2160 hoc
1221 2131 1379 2174 genere
1424 2130 1554 2173 saepe
1599 2116 1693 2172 ipse
1725 2112 1831 2164 vidi,
1881 2118 1929 2155 ut
1959 2126 2013 2154 ex
2045 2113 2233 2174 persona
2264 2133 2275 2141 s
2294 2135 2338 2178 ss‘ss

249 2190 356 2231 mihi
375 2189 489 2232 oculi
523 2189 714 2232 hominis
748 2189 976 2234 histrionis
995 2187 1147 2231 ardere
1181 2187 1448 2239 viderentur,
1480 2192 1528 2229 ut
1548 2200 1627 2229 sua
1658 2189 1814 2242 sponte
1845 2182 1986 2227 aliena
2007 2173 2233 2224 dicentis!⁸
2265 2180 2270 2185 ’
2304 2176 2375 2237 3523
2417 2195 2420 2198 ·

248 2263 362 2304 Tum
396 2277 448 2303 ex
485 2262 709 2303 nonnullis
742 2261 851 2303 locis
885 2259 1146 2302 concludere
1178 2273 1425 2315 possumus,
1457 2256 1585 2314 quale
1617 2254 1826 2298 iudicium
1858 2253 1944 2296 sibi
1975 2252 2130 2296 iecerit
2153 2248 2239 2295 Cis
2302 2248 2337 2255 ”’

248 2347 347 2375 cero
380 2332 434 2375 de
468 2348 635 2384 scenae,
666 2332 739 2390 qui
774 2331 926 2374 induci
962 2330 1079 2373 soliti
1113 2336 1226 2382 sunt,
1278 2327 1574 2386 apparatibus.
1637 2323 1708 2368 Ad
1741 2324 1823 2367 hoc
1861 2322 2073 2367 iudicium
2118 2321 2232 2363 inlu-

249 2403 477 2447 strandum
510 2403 767 2461 aptissimus
800 2417 896 2445 esse
930 2400 1106 2444 videtur
1138 2401 1260 2444 locus
1292 2399 1418 2457 epist.
1452 2397 1519 2442 ad.
1551 2398 1651 2441 fam.
1685 2395 1814 2453 (VII,
1853 2398 1889 2438 1.
1925 2396 1993 2451 l.)·‚
2034 2391 2109 2437 ubi
2140 2392 2231 2443 exi-

249 2477 516 2518 stimatorem
543 2474 758 2531 quendam
778 2473 987 2531 Spurium
1021 2471 1257 2523 Maecium,
1288 2471 1412 2512 cuius
1444 2469 1702 2511 auctoritate
1734 2473 1865 2524 atque
1898 2464 2062 2510 iudicio
2094 2463 2229 2507 Pom-

248 2548 374 2604 peius
409 2547 452 2588 in
485 2545 803 2603 praeparandis
836 2544 952 2587 ludis
987 2543 1074 2586 illis
1106 2541 1401 2585 celeberrimis
1434 2556 1538 2584 usus
1570 2545 1649 2592 est,
1680 2538 1749 2581 his
1780 2552 1885 2581 sane
1919 2536 2048 2580 salsis
2081 2532 2253 2596 verbis*
2386 2550 2414 2587 ‚g

249 2617 532 2676 perstringit:
581 2617 737 2669 „nobis
770 2623 915 2659 autem
964 2630 1013 2657 ea
1059 2612 1357 2672 perpetienda,
1405 2626 1514 2671 quae
1563 2610 1638 2668 Sp.
1669 2608 1867 2651 Maecius
1916 2605 2232 2670 probavisseffl.
2304 2615 2411 2660 2*

249 2695 381 2739 Unde
414 2695 671 2737 Ciceronem
707 2709 892 2751 pompae
925 2691 1182 2750 splendidae
1215 2699 1348 2750 atque
1380 2694 1671 2746 apparatuum
1706 2686 2043 2753 magnificorum,
2080 2681 2153 2740 qui
2188 2681 2231 2723 in
2251 2682 2279 2732 j

248 2773 365 2816 ludis
398 2773 488 2815 illis
520 2772 726 2828 Pompeis
757 2786 793 2815 a.
826 2771 912 2814 699
946 2787 984 2814 ιι.
1015 2787 1050 2814 c.
1083 2769 1315 2813 celebratis
1347 2766 1681 2817 adhibebantur,
1713 2762 1832 2807 haud
1848 2776 2002 2820 parum
2034 2757 2232 2820 piguisse
2322 2775 2397 2833 ,

247 2851 377 2894 facile
411 2856 606 2909 apparet.
669 2848 769 2902 Sed,
818 2855 864 2891 ut
898 2848 1053 2891 melius
1101 2859 1427 2904 cognoscamus,
1472 2848 1741 2901 quantopere
1773 2854 1901 2882 scena
1950 2837 2109 2880 nimius
2160 2833 2235 2878 ille
2274 2833 2406 2890 j

249 2928 459 2987 splendor
490 2934 620 2986 atque
651 2933 891 2985 apparatus
925 2926 1139 2982 magnifici
1166 2923 1369 2967 Ciceroni
1401 2920 1717 2978 displicuerint,
1749 2933 1801 2961 ea
1826 2930 2000 2975 quoque
2026 2928 2113 2957 nos
2130 2927 2233 2956 cou-
2253 2950 2265 2982 1
2302 2910 2307 2953 Ῐ

249 3006 442 3050 siderare
475 3012 661 3063 oportet,
710 3020 820 3061 quae
854 3004 1050 3061 proxime
1083 3003 1110 3045 l.
1144 3002 1168 3043 l.
1203 3006 1437 3043 ¹secuntur·
1481 3003 1745 3056 „apparatus
1777 2993 2016 3053 spectantis
2049 2969 2234 3049 tollebat
2272 2986 2300 3026 ’ὗ

248 3100 418 3132 omnem
454 3083 750 3126 hilaritatem:
784 3080 905 3133 Quid
941 3080 1055 3123 enim
1089 3078 1392 3123 delectationis
1428 3076 1591 3120 habent
1623 3072 1814 3118 sexcenti
1845 3071 1950 3115 muli
1983 3070 2027 3113 in
2056 3058 2233 3126 Clytae-
2289 3112 2299 3133 4
