2461 3690
250 452 416 480 marum
450 437 582 479 Ennii
615 414 860 480 fabularum
909 445 1136 479 numerum
1172 392 1445 480 referendam
1491 451 1587 480 csse
1617 420 1757 480 haud
1772 411 2050 480 immeriti&
2022 413 2037 445 ‘f-

251 506 394 561 Adde,
446 506 575 567 quod
596 512 744 565 partes
772 505 992 564 Thyestae
1039 505 1157 550 ludis
1190 506 1527 564 Apollinaribus
1571 519 1729 564 magno
1772 520 1870 552 cum
1902 495 2085 567 plausis
2121 503 2144 513 ,1

250 649 480 691 restituere
511 648 693 699 studuit,
734 648 935 690 Ciceroni
970 649 1156 691 maxime
1187 648 1289 691 illae
1320 649 1538 705 placuisse
1572 647 1790 699 videntur,
1819 647 1978 704 quibus
2008 647 2132 704 Thye
2170 700 2176 705 .

250 721 383 762 animi
416 720 610 762 conditio
659 725 762 776 post
793 706 1019 762 scelestam
1065 718 1184 762 illam
1216 715 1379 772 cenam,
1426 719 1478 761 iis
1502 734 1589 778 qua
1632 717 1817 761 filiorum
1851 733 2027 761 suorum
2074 707 2230 766 carnes

248 789 508 838 comederat,
542 790 844 845 inlustratum
895 789 1032 833 veluti
1065 804 1127 843 ea,
1174 804 1286 849 quae
1316 791 1482 833 fractus
1514 803 1647 848 seque
1677 789 1902 832 abstinens
1934 804 1958 831 a
1991 781 2209 847 consuetu,
2268 834 2275 840 ,
2305 834 2309 837 ,

249 861 352 904 dine
386 861 608 905 hominum
642 860 809 919 pudore
840 867 986 905 motus
1019 860 1126 905 dicit
1157 862 1207 905 tr.
1241 859 1369 906 VIII
1402 859 1639 905 secundum
1673 859 1829 907 Ribb.:
2256 854 2260 857 ⁵
2294 856 2335 864 Η

735 947 882 1000 nolite,
917 946 1126 1005 hospites,
1157 945 1211 988 ad
1249 961 1315 989 me
1347 945 1499 989 adire:
1527 945 1628 987 ilico
1659 944 1758 987 istic

734 1032 787 1060 ne
819 1018 1023 1074 contagio
1056 1032 1151 1060 mea.
1182 1017 1310 1060 bonis
1343 1016 1552 1060 umbrave
1584 1015 1704 1058 obsit

735 1094 857 1131 tanta
891 1089 959 1131 vis
992 1088 1168 1131 sceleris
1202 1089 1244 1130 in
1278 1102 1459 1146 corpore
1492 1088 1651 1130 haeret.

249 1170 420 1212 Deinde
456 1186 621 1223 versus,
666 1171 825 1227 quibus
872 1172 1057 1213 Atreum
1102 1171 1278 1213 fratrem
1329 1170 1611 1212 inhumanum
1645 1173 1953 1229 exsecratur⁴),
1999 1185 2095 1212 eum
2133 1175 2248 1213 ma?

248 1242 363 1283 xime
410 1241 698 1283 delectavisse
745 1241 847 1283 inde
893 1242 1171 1298 perspicitur,
1222 1240 1339 1298 quod
1372 1256 1446 1283 eos
1492 1240 1737 1283 luculentos
1770 1240 1965 1284 nominat
2013 1239 2155 1294 (Tusa.
2189 1239 2227 1292 Ι,
2270 1256 2273 1300 2

246 1313 317 1364 44,
351 1313 468 1368 107),
499 1308 763 1369 quamquain
795 1311 944 1355 eodem
980 1311 1062 1355 hoc
1109 1311 1205 1356 loco
1241 1312 1338 1370 ipsa
1369 1310 1499 1354 huius
1532 1311 1846 1359 exsecrationis
1894 1311 2031 1354 verba
2068 1309 2242 1353 durius·⁵

247 1389 459 1439 usurpata
490 1389 534 1424 et
550 1389 703 1424 contra
735 1397 909 1425 sensum
943 1398 1046 1425 vere
1065 1383 1301 1425 humanum
1323 1383 1442 1426 dicta
1472 1398 1567 1427 esse
1598 1382 1861 1425 contendere
1891 1398 1978 1424 non
1997 1381 2219 1434 dul›itat⁵).

245 1452 378 1504 Quod
413 1459 555 1496 autem
590 1451 941 1510 Schollmeyerus
991 1469 1029 1511 p.
1067 1454 1120 1496 15
1167 1452 1368 1496 Ciceroni
1403 1454 1516 1497 hanc
1560 1453 1750 1497 fabulam
1784 1453 1961 1495 omnino
2008 1466 2093 1494 non
2128 1450 2222 1509 pla·

245 1524 387 1566 cuisse
437 1539 622 1582 eumque
670 1524 909 1567 sententias
956 1525 1190 1567 nonnullas
1240 1531 1283 1567 et
1314 1540 1467 1568 versus
1519 1524 1838 1582 improbavisse
1886 1522 2125 1575 contendit,
2173 1537 2225 1563 eo
2296 1513 2302 1520 ’

244 1594 522 1638 refutandum
558 1611 653 1638 esse
686 1596 946 1652 putaverim,
991 1595 1108 1652 quod
1142 1596 1220 1638 illa
1252 1597 1565 1639 exsecrationis
1596 1597 1731 1639 verba
1770 1611 1823 1638 ex
1855 1594 2023 1638 ratione
2055 1593 2225 1651 poetica
2252 1593 2269 1601 ”
2308 1608 2311 1610 ·
2337 1617 2342 1627 ³

2311 1561 2328 1581 ,1
2422 1567 2424 1569 ,

245 1665 313 1710 vel
346 1680 399 1709 ex
431 1665 507 1710 illa
540 1681 696 1710 vocum
730 1665 999 1725 singularum
1033 1664 1084 1709 ‘s'
1120 1679 1214 1709 sese
1233 1665 1544 1725 excipientium
1577 1664 2115 1716 consonantialuculenta,
2146 1663 2221 1705 sed
2293 1698 2297 1701 ,

244 1739 393 1780 inania
425 1753 477 1780 cx
511 1740 679 1780 ratione
728 1738 990 1794 philosopha
1023 1737 1177 1779 Cicero
1226 1738 1448 1794 appellare
1481 1737 1667 1780 videtur.
1720 1737 1904 1789 Deinde,
1935 1737 2062 1794 ‘quia
2109 1735 2224 1778 hunc
2316 1733 2338 1777 ζ,
2381 1720 2394 1741 ⁶⁴

245 1824 378 1852 unum
412 1810 557 1853 locum
590 1809 818 1866 aliquanto
867 1808 1170 1854 vehementius
1216 1808 1510 1865 reprehendit,
1562 1824 1658 1852 eum
1706 1808 1760 1852 de
1790 1814 1883 1852 tota
1913 1807 2063 1851 fabula
2114 1805 2224 1850 male

244 1882 435 1944 sensisse
468 1895 741 1940 nequaquam
793 1879 994 1922 concludi
1028 1886 1186 1938 potest.
1235 1881 1453 1923 Ceterum>
1490 1896 1575 1923 non
1609 1885 1677 1923 est
1707 1878 2055 1923 obliviscendum
2104 1877 2223 1920 illius
2312 1873 2407 1932 ξ

242 1953 339 2003 loci,
372 1967 458 2010 quo
491 1954 655 1994 Atreus
687 1952 821 1994 fratre
869 1953 1019 2007 agnito
1052 1966 1294 1994 sermonem
1338 1952 1392 1994 ad
1438 1951 1760 2008 philosophiam
1811 1951 2050 1994 naturalem
2099 1964 2223 2007 spec-
2306 1944 2402 2011 slt'·

242 2030 407 2066 tantem
440 2024 558 2076 facit,
602 2024 775 2081 „aspice
825 2023 906 2066 hoc
955 2022 1140 2066 sublime
1172 2021 1377 2076 candens,
1430 2037 1556 2080 quem
1605 2022 1813 2066 invocant
1859 2035 2008 2065 omnes
2039 2020 2223 2064 Jovem“
2293 2038 2296 2041 ’
2385 2031 2403 2075 1³

242 2108 353 2152 quae
401 2093 548 2146 verba,
593 2108 691 2135 cum
724 2093 779 2136 ad
813 2108 959 2136 veram
994 2094 1053 2135 rei
1089 2094 1229 2151 ipsius
1264 2099 1462 2135 naturam
1495 2093 1602 2135 bene
1634 2092 1863 2152 quadrent,
1906 2099 2099 2135 ‘assensu
2132 2106 2223 2132 om-
2322 2090 2395 2162 ’ἴῃ

242 2164 377 2206 nium’
410 2166 465 2206 ab
500 2165 647 2206 Ennio
681 2164 799 2206 dicta
845 2180 940 2206 esse
972 2165 1251 2221 confirmat.⁶)
1300 2193 1351 2197 —
1404 2164 1607 2222 Denique
1634 2163 1878 2207 Alexandri
1910 2162 2120 2215 {abulaeu
2167 2161 2223 2205 ab

241 2235 317 2277 illo
349 2236 531 2288 somnio,
565 2251 652 2293 quo
685 2235 870 2279 Hecuba
903 2236 1127 2279 ardentem
1158 2239 1310 2289 lacem,
1349 2251 1402 2279 ex
1434 2251 1521 2295 qua
1555 2240 1778 2293 serpentes
1809 2234 1984 2293 plurimi
2017 2234 2221 2285 exissent,

242 2305 465 2363 peperisse
497 2305 672 2359 dicitur,
703 2307 972 2350 exordientis
1006 2307 1082 2349 illa
1114 2322 1243 2350 scena
1276 2308 1461 2349 maxime
1492 2307 1673 2364 gavisus
1718 2308 1812 2348 esse
1846 2305 2021 2348 videtur
2052 2304 2219 2353 Cicero,
2258 2361 2261 2363 .
2296 2330 2320 2345 ,μ

239 2392 325 2431 qua
358 2376 607 2418 Cassandra
638 2378 727 2419 filio
761 2378 932 2430 Paride,
964 2393 1090 2434 quem
1126 2385 1332 2435 parentes
1372 2379 1646 2421 interfectum
1681 2384 1851 2435 putant,
1886 2377 1928 2419 in
1961 2375 2079 2419 ludis
2112 2375 2221 2432 ipsis
2318 2368 2323 2372 ”

239 2471 418 2506 habuisse:
457 2472 541 2506 dicit
568 2472 682 2506 enim:
712 2474 853 2517 „Atque
877 2486 918 2509 ea
955 2477 1014 2519 (sc.
1043 2474 1180 2519 Medea)
1206 2480 1322 2509 tamen
1347 2474 1439 2520 apud
1464 2475 1572 2509 alium
1598 2476 1735 2520 poetam
1776 2472 1865 2519 patri
1903 2472 2016 2507 dicere
2041 2470 2147 2505 audet
2184 2482 2222 2505 se

238 2530 422 2573 coniugem
448 2530 611 2565 habuisse
637 2531 764 2574 'Illum‚
794 2533 912 2575 Amor,
938 2545 1042 2577 quem
1069 2533 1220 2576 dederat,
1246 2533 1307 2577 qui
1332 2534 1408 2579 plus
1433 2534 1539 2579 pollet
1566 2532 1748 2578 potiorque
1772 2537 1824 2566 est
1850 2531 1967 2577 patre?

381 2589 406 2630 ¹)
431 2589 475 2623 de
500 2590 557 2625 off.
585 2590 636 2632 II,
663 2589 695 2633 7,
722 2589 778 2626 23.
812 2611 852 2616 -—
880 2591 963 2625 ibid.
994 2590 1068 2635 111,
1097 2591 1153 2634 29,
1181 2590 1259 2627 104.

377 2648 406 2692 ²)
432 2648 532 2683 Tuss.
557 2648 645 2694 disp.
672 2649 702 2691 I,
729 2648 786 2693 44,
814 2649 892 2684 107.

379 2708 407 2751 ⁸)
433 2707 536 2743 Ribb.
563 2708 606 2742 de
632 2713 717 2753 trag.
744 2708 846 2744 Rom.
874 2722 906 2755 p.
933 2709 1012 2745 202.
1041 2710 1112 2745 Cic.
1139 2710 1242 2747 Tusc.
1272 2710 1361 2756 disp.
1388 2710 1459 2753 ΙΙΙ,
1487 2709 1541 2746 12.
1569 2708 1625 2746 26.

380 2765 408 2808 ⁶)
434 2766 473 2799 fr.
503 2765 577 2799 XI:
606 2767 711 2813 „Ipse
738 2767 883 2801 summis
908 2768 1001 2802 saxis
1026 2769 1117 2803 fixus
1142 2769 1272 2816 asperis
1297 2768 1507 2806 evisceratus

606 2826 712 2862 latere
736 2827 904 2873 pendens,
930 2839 1014 2862 saxa
1039 2839 1205 2875 spargens
1230 2828 1311 2863 tabo
1336 2827 1432 2863 sanie
1456 2833 1491 2863 et
1515 2827 1684 2873 sanguine
1708 2832 1783 2862 atro

604 2897 717 2930 neque
741 2887 947 2930 sepulcrum,
973 2899 1043 2930 quo
1069 2887 1221 2932 recipiat,
1249 2887 1376 2922 habeat
1400 2893 1539 2932 portum
1564 2888 1727 2931 corporis,

609 2944 667 2979 ubi
692 2944 834 2980 remissa
859 2945 1013 2980 humana
1040 2946 1112 2981 vita
1135 2958 1260 2992 corpus
1286 2946 1480 2991 requiescat
1504 2946 1641 2982 malis.“

378 3005 406 3047 ⁸)
431 3003 472 3035 cf.
500 3002 604 3036 etiam
630 3014 679 3038 or.
705 3003 741 3037 in
769 3004 886 3039 Pison.
916 3004 970 3047 19,
999 3004 1057 3047 43,
1084 3005 1141 3038 ubi
1169 3006 1254 3040 haec
1279 3006 1450 3049 legimus:
1491 3005 1687 3049 „Thyestea
1711 3010 1765 3039 est
1789 3004 1853 3038 ista
1879 3004 2072 3038 exsecratio
2097 3005 2218 3049 poetae

233 3061 327 3105 vulgi
354 3061 500 3105 animos,
527 3072 597 3094 non
623 3061 834 3108 sapientium
861 3063 1045 3098 moventis.

375 3121 473 3163 ⁸.)cf
500 3120 603 3153 Ribb.
628 3120 672 3153 de
697 3125 783 3165 trag.
810 3122 911 3157 Rom
939 3133 972 3167 p.
999 3121 1067 3155 201
1096 3134 1169 3167 sqq
1197 3122 1270 3157 Cic.
1297 3122 1340 3155 de
1365 3128 1435 3157 nat.
1462 3123 1553 3157 deor.
1582 3122 1633 3165 II,
1660 3122 1693 3165 2,
1720 3122 1754 3156 4.

372 3180 400 3225 ⁷)
427 3177 589 3214 dehuius
615 3177 751 3213 fabulae
776 3186 982 3225 argumento
1008 3191 1258 3227 scenarumque
1283 3180 1405 3216 ordine
1418 3181 1574 3216 conferas
1600 3180 1701 3217 Ribb.
1726 3180 1770 3215 de
1789 3184 1875 3224 trag.
1890 3180 1992 3214 Rom.
2020 3191 2054 3225 p.
2070 3177 2114 3213 81
2139 3189 2215 3225 sqq.
