2461 3690
130 246 172 286 '³7³
210 223 436 318 «redeam,
484 260 606 319 quod
635 224 793 307 Cice-ro
823 214 964 307 Acad.
997 231 1136 320 prior
1161 228 1271 329 loco
1295 261 1332 310 I
1363 262 1507 321 3.10
1520 246 1679 322 poet-'s

249 346 333 374 non
368 329 514 383 verba,
545 329 622 374 sed
659 330 748 376 vim
782 331 1055 376 Graecorum
1087 326 1362 392 expressisse
1386 323 1639 387 iudicavit,
1665 332 1710 377 id
1742 316 1851 379 si'ne
1856 319 1971 392 118ι

249 402 311 445 ita
339 402 467 445 nobis
498 402 843 460 intellegendum
875 405 970 456 erit,
1002 412 1049 446 ut
1070 419 1181 456 eum,
1211 407 1416 462 quamvis
1433 405 1657 449 Romanos
1684 408 1840 463 poeta&
1873 404 2089 466 vosagus

247 488 396 516 corum
431 473 647 517 institisse
679 473 918 518 concedere
949 473 1160 526 debuerit,
1202 481 1346 519 tamen
1380 475 1677 520 Romanorum
1711 479 1938 534 poctarum
1955 464 2139 534 trag‘ien

249 544 439 601 ingeniis
464 543 712 602 quidquam
748 544 976 589 detrahere
1008 547 1186 588 omnino
1217 546 1412 589 noluisse
1433 537 1657 604 putemus·
1695 545 1885 591 Videtur
1900 551 2044 589 autem
2072 559 2211 606 ere„

249 630 361 673 quae
394 615 619 672 hucusque
650 611 1226 673 disputavimus,'constare
1259 624 1390 675 atque
1421 618 1528 661 satis
1559 631 1771 676 apparere
1799 616 2056 660 Ciceronem
2087 612 2211 675 poeti

252 685 547 729 Romanorum
596 687 774 744 tragicis
827 687 1115 731 imitationem
1150 690 1432 743 Graecorum,
1482 688 1719 732 dummodo
1769 687 1902 739 illam,
1923 679 1932 685 ⁸
1949 701 2080 746 quam
2111 685 2275 748 ἆὶθίιῇζ

251 757 339 799 vim
375 756 643 799 Graecorum
677 765 968 815 sequerentur
999 766 1042 801 et
1073 761 1116 802 in
1153 760 1315 803 tabulis
1350 762 1441 803 suis
1473 760 1781 818 exprimerent,
1812 761 2087 818 nequaquam
2121 748 2257 812 viti&

249 827 430 869 duxisse
477 843 613 884 eaque
664 827 908 871 imitatione
962 829 1243 887 dignissimas
1289 830 1494 874 habuisse
1539 830 1711 874 fabulas
1759 830 1934 873 illorum
1981 820 2271 891 tragoediad'lj

250 897 446 941 Graecae
480 898 726 956 principum
761 898 1009 957 Sophoclis,
1042 900 1264 959 Aeschyli,
1296 900 1535 959 Euripidis.
1570 927 1623 931 —
1657 900 1746 944 Sed
1776 899 1833 944 ad
1865 900 1977 942 hanc
2010 893 2273 958 quaestio-*s²

252 983 349 1010 ncm
384 976 452 1010 sat
484 976 685 1011 accurate
719 970 992 1013 tractandam
1028 971 1114 1013 alia
1132 986 1201 1014 res
1233 973 1418 1014 maxime
1453 973 1597 1014 valere
1614 972 1819 1024 videtur-3
1850 971 2077 1029 quaeritur
2105 969 2235 1023 enim,¹

253 1046 397 1082 utrum
419 1039 576 1082 Cicero
605 1040 692 1082 illis
726 1040 868 1083 tribus
887 1040 1155 1084 Graecorum
1190 1042 1369 1098 tragicis
1402 1057 1473 1099 pa
1492 1057 1610 1084 rem
1643 1041 1975 1085 admirationem
1992 1056 2042 1084 ac
2058 1039 2233 1090 laudem
2251 1042 2277 1094 1

251 1108 455 1152 tribuerit
486 1125 634 1153 necne.
667 1109 893 1154 Ciceronis
925 1112 1040 1155 enim
1072 1111 1209 1155 libros
1245 1113 1491 1155 accuratius
1524 1103 1764 1170 perlegenti
1797 1111 1937 1154 crebri
1968 1111 2051 1154 loci
2084 1115 2235 1154 occur*¹
2299 1156 2304 1160 k
2331 1159 2339 1165 ,

253 1187 366 1232 runt,
416 1181 576 1238 quibus
610 1181 877 1239 Euripideos
926 1197 1079 1225 versus
1111 1189 1433 1226 commemorat.
1491 1187 1640 1241 Atque
1686 1197 1741 1225 ex
1773 1182 1850 1235 eis,
1894 1197 2005 1240 quae
2037 1181 2274 1239 Langius
2299 1174 2380 1236 ’ζ’-ζ’·

251 1268 294 1308 p.
326 1254 397 1295 57.
430 1254 500 1296 58.
533 1254 591 1296 59
623 1253 883 1311 disputavit,
929 1254 1132 1311 cognosci
1165 1261 1313 1312 potest
1343 1253 1481 1297 multo
1513 1254 1662 1312 plures
1694 1253 1959 1313 Euripideos
1990 1268 2121 1311 quam
2152 1252 2234 1296 So·
2359 1253 2379 1274 ³·

252 1322 461 1379 phocleos
494 1323 611 1381 apud
646 1324 902 1367 Ciceronem
937 1332 1110 1367 exstare
1143 1326 1275 1377 loc-os,
1311 1326 1371 1368 ita
1406 1332 1454 1368 ut
1486 1324 1642 1368 Cicero
1674 1323 1880 1382 Euripidi
1928 1324 2068 1379 magis
2101 1326 2231 1381 quam

251 1394 464 1449 Sophocli
498 1395 663 1437 favisse
699 1395 912 1437 videat-ur.
946 1396 1048 1447 Qua
1081 1397 1123 1438 in
1143 1412 1188 1439 re
1210 1397 1367 1453 Langii
1401 1396 1643 1438 sententiae
1675 1394 1850 1447 accedo,
1882 1395 1956 1452 qui
1978 1394 2234 1438 Ciceronem

252 1463 294 1505 in
329 1462 546 1521 Euripide
578 1464 764 1521 legendo
797 1465 960 1510 maiore
1010 1465 1157 1509 studio
1188 1473 1233 1510 et
1264 1466 1554 1510 delectatione
1600 1481 1731 1523 quam
1778 1467 1821 1509 in
1855 1464 2074 1523 Sophocle
2122 1464 2235 1514 hanc
2299 1455 2350 1495 2³

251 1533 389 1576 solam
422 1535 479 1576 ob
507 1550 682 1577 causam
716 1542 938 1578 versatum
972 1551 1068 1579 esse
1086 1537 1305 1594 probavit,
1336 1536 1452 1594 quod
1470 1536 1713 1594 Euripidis,
1746 1551 1877 1594 quem
1894 1535 2058 1588 dicunt,
2090 1535 2252 1592 philo-1

250 1605 377 1661 sophi
413 1605 467 1647 de
501 1621 629 1649 scena
662 1608 906 1649 sententiae
936 1622 1094 1663 graves
1132 1623 1230 1651 cum
1262 1609 1317 1651 ad
1339 1622 1489 1651 omnes
1521 1607 1611 1657 fere
1646 1606 1953 1666 philosophiae
1984 1612 2130 1665 partes
2164 1604 2231 1649 vel

251 1675 305 1718 ad
341 1690 483 1718 rerum
534 1676 819 1720 humanarum
869 1678 1027 1722 iustam
1075 1679 1369 1736 cognitionem
1416 1679 1645 1737 aptissime
1695 1677 1973 1737 quadrarent,
2021 1683 2114 1719 t-um
2147 1676 2231 1734 ipsi

257 1747 446 1789 maxime
479 1748 712 1804 placerent.
761 1748 948 1796 Etiamsi
984 1750 1129 1806 igitur,
1177 1756 1222 1793 ut
1256 1765 1279 1793 6
1310 1750 1533 1793 nonnullis
1564 1749 1672 1793 locis
1722 1748 1849 1792 facile
1880 1747 2043 1805 conligi
2078 1751 2236 1805 potest,

253 1818 408 1862 Cicero
444 1819 652 1877 Sophocli
687 1821 880 1864 omnium
915 1822 1180 1879 tragicorum
1199 1825 1427 1880 poetarum
1458 1820 1795 1880 principatum¹)
1825 1815 2034 1861 tribuisse
2054 1818 2237 1874 eiusque
2301 1873 2305 1877 ·

252 1905 353 1931 vera
388 1890 657 1932 humanitate
690 1899 733 1933 et
766 1892 923 1934 eximia
956 1892 1253 1935 moderatione
1285 1892 1438 1936 codem
1471 1892 1600 1935 modo
1644 1898 1774 1948 atque
1808 1890 1938 1933 hodie
1979 1906 2058 1933 nos
2091 1889 2234 1932 delec-
2348 1880 2354 1890 ”

254 1967 371 2002 tatus
406 1975 501 2003 esse
535 1960 710 2004 videtur
741 1961 931 2019 itemque
980 1989 1033 1996 -
1084 1964 1119 2005 si
1155 1962 1209 2005 de
1243 1962 1465 2020 Aeschylo
1496 1967 1731 2021 quaeratur
1779 1987 1834 1993 -
1881 1960 2139 2005 Ciceronem
2184 1974 2236 2002 ex

250 2031 344 2074 eius
377 2031 516 2089 ipsius
566 2032 890 2091 magnificentia
944 2033 1177 2089 verborum
1226 2033 1334 2078 satis
1368 2047 1563 2091 magnam
1610 2031 1943 2076 delectationem
1991 2032 2238 2090 percepisse

258 2103 347 2145 veri
382 2104 523 2146 simile
557 2110 635 2156 est,
684 2111 827 2146 tamen
864 2105 1091 2162 Euripidis
1140 2106 1247 2147 illud
1289 2106 1433 2162 ipsum
1468 2103 1811 2161 philosophandi
1845 2103 2039 2146 studium
2089 2109 2134 2145 et
2164 2102 2266 2145 illa'

2335 2185 2337 2187 ,
2360 2171 2388 2186 cccc

251 2237 294 2259 ex
322 2237 391 2269 quo
416 2231 654 2269 cognoscatur,
694 2237 801 2270 quam
825 2225 978 2270 graviter
1002 2226 1122 2260 Cicero
1160 2226 1319 2260 invectus
1344 2237 1419 2260 esse
1445 2225 1604 2260 videatur
1640 2226 1676 2259 in
1702 2236 1772 2267 eos,
1809 2224 1871 2269 qui
1895 2224 2049 2258 doctiore
2072 2223 2134 2257 illa
2172 2223 2242 2257 616-

253 2284 385 2327 gantia,
412 2295 481 2328 qua
507 2287 629 2328 poetae
656 2284 887 2319 Alexandrini
913 2284 965 2319 uti
979 2284 1147 2327 solebant,
1174 2284 1436 2320 delectabantur
1459 2290 1494 2319 et
1511 2285 1546 2318 in
1571 2280 1630 2319 eos
1644 2286 1774 2329 poetas,
1801 2282 1861 2328 qui
1877 2282 2138 2317 Alexandrinos
2160 2281 2240 2316 illos

254 2343 323 2377 iam
349 2342 409 2377 illa
433 2348 547 2378 aetate
584 2342 822 2378 imitabantur.
864 2343 1054 2388 Postquam
1088 2343 1182 2378 enim
1210 2354 1328 2378 versus
1366 2344 1537 2388 quosdam
1575 2343 1842 2377 Andromachae
1882 2341 2067 2375 Ennianae
2103 2339 2242 2374 fabulae
2339 2380 2342 2383 .
2375 2378 2385 2392 .-

253 2403 554 2445 commemoravit,
581 2403 697 2436 Ennio
723 2403 779 2437 his
804 2402 918 2437 verbis
942 2403 1194 2447 patrocinatur:
1222 2403 1277 2445 „0
1291 2405 1429 2447 poetam
1443 2403 1642 2447 egregium!
1665 2413 1884 2447 quamquam
1908 2401 1953 2435 ab
1966 2400 2022 2435 his
2041 2398 2242 2435 «autoribus
2323 2405 2393 2433 ³:

254 2461 494 2506 Euphorionis
519 2462 787 2497 contemnitur“.
827 2461 995 2498 Cantor-es
1020 2463 1115 2498 enim
1143 2461 1380 2509 Euphorionis
1405 2461 1630 2507 intellegendi
1656 2466 1738 2495 sunt
1762 2460 1799 2504 ii,
1838 2460 1900 2506 qui
1926 2465 2055 2494 temere
2092 2458 2237 2503 Eupho·

255 2522 375 2564 rionis,
404 2525 525 2567 poetae
549 2522 638 2568 epici
664 2529 698 2558 et
722 2523 864 2568 elegiaci
878 2522 1068 2566 Chalcidei‚
1094 2523 1336 2558 auctoritatem
1360 2534 1402 2557 ac
1416 2521 1586 2556 rationem
1613 2520 1846 2566 sequebantur
1857 2519 1989 2565 quique
2001 2518 2077 2554 eius
2102 2518 2235 2553 ’cantus
2284 2513 2287 2515 ’
2333 2516 2343 2520 '⁴
2373 2516 2375 2518 ’

254 2582 448 2627 modosque
477 2588 653 2627 tamquam
685 2582 845 2619 recinere’
871 2583 1038 2618 solebant.
1066 2583 1150 2618 Sine
1174 2582 1282 2618 dubio
1306 2582 1412 2621 etiam
1436 2593 1479 2616 ex
1506 2581 1572 2616 hoc
1597 2581 1674 2615 loco
1698 2579 1925 2625 intellegitur,
1951 2584 2124 2625 quantum
2148 2577 2244 2613 Cice-

259 2642 353 2676 ronis
379 2642 584 2684 interfuerit,
623 2649 662 2676 ut
692 2643 841 2687 patrium
881 2646 1019 2688 poetam
1053 2654 1125 2677 non
1151 2643 1254 2677 modo
1295 2641 1503 2685 defenderet,
1541 2641 1600 2676 sed
1625 2640 1764 2675 disertis
1789 2645 1894 2685 atque
1917 2639 2045 2684 apertis
2081 2637 2244 2673 laudibus
2266 2636 2268 2638 ’

252 2702 390 2736 efferret
414 2706 521 2746 atque
546 2701 768 2746 praedicaret.

404 2773 428 2818 ¹)
455 2773 508 2808 Cf.
534 2773 661 2814 locum,
687 2784 790 2817 quem
816 2786 920 2818 supra
948 2774 1226 2814 memoravimus.
1265 2786 1313 2809 or.
1340 2773 1373 2816 4,
1402 2773 1528 2808 deinde
1552 2773 1596 2807 de
1620 2772 1692 2808 div.
1720 2773 1749 2815 I,
1776 2771 1833 2816 54,
1873 2771 1930 2806 ubi
1959 2770 2149 2815 Sophocles
2186 2769 2242 2805 his
2299 2802 2311 2812 ,,
2390 2774 2402 2780 ”

255 2833 372 2867 verbis
398 2833 641 2878 praedicatur:
683 2833 951 2878 „Adiungamus
976 2834 1192 2879 philosophis
1217 2833 1459 2869 doctissimum
1499 2831 1689 2872 hominem,
1727 2833 1865 2877 poetam
1890 2829 2032 2876 quidem
2069 2828 2244 2872 divinum,
2334 2827 2377 2881 ‘z

256 2892 500 2936 Sophoclem“.
527 2892 571 2926 de
596 2892 654 2927 fin.
681 2891 715 2927 5.
740 2891 773 2928 3.
799 2892 842 2927 de
866 2892 1038 2938 Sophocle
1062 2892 1295 2927 admiratione
1319 2897 1425 2936 atque
1442 2891 1670 2925 delectatione
1694 2890 1901 2935 dignissimo
1916 2891 2019 2934 poeta
2041 2887 2127 2922 dicit
2152 2887 2219 2922 hoc
2239 2899 2274 2936 :sv

258 2951 398 2994 „Quem
424 2950 491 2986 scis
516 2962 622 2996 quam
647 2950 797 2986 admirer
821 2963 995 2997 quamque
1031 2963 1071 2987 eo
1089 2952 1267 2986 >delectet“
1310 2956 1344 2985 et
1370 2950 1405 2984 in
1431 2950 1492 2993 eis,
1530 2962 1619 2995 quae
1648 2949 1805 2995 proxime
1839 2953 2013 2990 secuntur,
2053 2940 2387 2995 Oedipodis'ssq

256 3010 401 3044 Colonei
429 3011 645 3054 prooemium
673 3010 925 3044 ’molissimum’
951 3012 1103 3056 appellat
1129 3010 1311 3052 'carmen'2,
1353 3010 1395 3043 de
1420 3009 1478 3045 fin.
1506 3009 1535 3051 Ι,
1562 3008 1595 3052 2,
1625 3008 1658 3051 5,
1696 3008 1756 3042 ubi
1797 3007 1872 3052 ipse
1908 3007 1952 3041 ab
1976 3006 2036 3041 illo
2072 3005 2247 3040 Electram
2297 3042 2308 3059 x
2327 3007 2380 3067 ῐῖἑ

253 3070 308 3104 vel
338 3069 471 3116 optime
496 3069 663 3115 scriptam
691 3080 767 3104 esse
791 3068 887 3105 dicit.
2329 3059 2341 3073 '⁴
2368 3063 2370 3066 ”
