2461 3743
424 607 586 663 ingenii
619 563 807 664 impetus
839 607 1017 660 terebat,
1049 614 1223 650 secutus
1256 622 1351 649 esse
1384 608 1616 649 videretur.
1665 607 1733 649 Ex
1765 609 1889 651 Accii
1921 607 2082 650 tabulis
2113 623 2203 649 ma-

257 675 351 723 {ime
379 673 608 733 Epigonos
640 677 879 720 admiratur
911 684 953 721 et
993 679 1190 721 Atreum.
1220 677 1348 721 Illam
1380 678 1647 734 tragoediam
1696 677 1934 721 secundum
1971 677 2203 735 Sophoclis

257 737 458 804 'gssexhplar
490 746 689 791 Ciceroni
722 748 886 805 optime
925 748 1209 806 compositam
1242 762 1336 791 esse
1361 747 1499 791 videri
1532 763 1665 805 supra
1697 748 1898 791 vidimus
1930 748 1984 791 In
2014 750 2203 801 „Atreo“

256 810 371 861 v'iilta
399 822 514 870 sunt,
545 832 657 876 quae
687 819 725 860 ei
759 820 944 861 maxime
975 819 1230 875 placuerint.
1296 818 1468 860 Etenim
1502 819 1625 860 Atrei
1657 824 1701 859 et
1731 819 1950 875 Thyestae
1994 833 2203 875 personas

192 878 322 940 jtam
355 886 464 930 bene
511 887 710 946 depinxit
756 893 887 946 atque
918 889 1152 946 descripsit
1180 893 1322 945 poeta,
1373 894 1421 930 ut
1451 888 1605 931 Cioero
1656 904 1729 931 eas
1769 890 1950 931 summis
1998 889 2203 931 laudibus

194 947 550 1017 2.'eumulaverit.,
578 958 672 1001 Iam
707 960 830 1002 Atrei
880 959 954 1002 illa
988 959 1131 1010 verba,
1177 959 1335 1016 quibus
1383 960 1556 1015 tyranni
1607 959 1773 1001 ratione
1820 953 1957 1001 utitur
2005 960 2074 1015 (tr.
2109 959 2202 1016 V):

193 1025 438 1092 :-¹‘„9(]erfnt‚
469 1027 572 1071 dum
604 1025 823 1072 metuant“
871 1030 1100 1087 verborum
1131 1031 1346 1086 gravitate
1392 1035 1633 1073 commotus
1682 1031 1804 1072 Atrei
1839 1042 2025 1087 persona
2071 1029 2201 1086 digna

231 1112 325 1154 esse
357 1100 544 1155 sentit,¹)
575 1101 744 1143 etiamsi
776 1100 851 1143 alii
885 1101 968 1143 loci
1001 1116 1100 1143 eum
1132 1100 1238 1144 haec
1273 1101 1419 1154 verba,
1452 1116 1548 1143 cum
1579 1101 1742 1158 populo
1773 1101 2017 1159 perniciosa
2048 1109 2205 1153 essent,

200 1177 216 1218 ‘²1
231 1170 288 1231 ab
320 1170 531 1228 improbis
562 1171 735 1215 civibus
767 1172 907 1229 excipi
942 1172 1134 1214 noluisse
1165 1179 1315 1229 aperte
1346 1171 1558 1225 docent.¹)
1599 1172 1712 1213 Tum
1743 1171 1898 1213 Cicero
1930 1172 2198 1214 iracundiam

205 1239 358 1298 *Atrei
377 1252 602 1298 ‘personae
635 1243 855 1299 propriam
887 1258 983 1285 esse
1014 1250 1217 1300 oportere
1250 1244 1350 1285 item
1387 1243 1493 1285 bene
1524 1242 1740 1298 cognovit,
1773 1242 1834 1284 ita
1865 1249 1914 1284 ut·
1943 1242 2070 1284 facile
2102 1258 2198 1299 per-

201 1312 215 1343 ἶ
230 1308 454 1370 spiciatur,
485 1327 562 1354 cur
594 1328 748 1355 versus
781 1313 892 1366 illos,
940 1313 1014 1370 qui
1047 1312 1101 1356 ad
1134 1313 1253 1355 illam
1303 1314 1433 1369 animi
1466 1313 1837 1370 perturbationem
1884 1312 2198 1355 inlustrandam

209 1379 390 1436 valent,
438 1384 621 1427 libenter
651 1384 707 1427 ad
739 1399 860 1427 suam
909 1384 962 1427 de
994 1385 1059 1428 ira
1089 1384 1338 1441 opinionem
1371 1383 1673 1427 declarandam
1720 1383 1843 1440 quasi
1890 1389 2022 1424 testes
2069 1388 2199 1441 alque

131 1445 736 1512 ²11‘exemplassvooaxieriaffl
787 1454 970 1506 Deinde,
1013 1469 1122 1512 quae
1154 1454 1207 1496 ad
1241 1455 1485 1511 improbum
1518 1461 1561 1496 et
1591 1452 1810 1496 crudelem
1842 1454 1965 1495 Atrei
2008 1454 2198 1494 animum

231 1524 464 1582 pertinent,
511 1538 607 1566 cum
641 1539 850 1582 personae
884 1525 1004 1566 Atrei
1038 1524 1261 1581 aptissime
1298 1524 1617 1567 accommodata
1652 1525 1751 1575 sint,
1795 1523 2079 1573 ‘luculente’⁴)
2128 1524 2196 1564 vel

234 1600 362 1636 recte
393 1601 436 1636 et
466 1595 761 1651 verissume’⁵)
793 1611 818 1637 a
850 1600 978 1652 poeta
1005 1595 1125 1637 dicta
1156 1610 1249 1638 esse
1283 1594 1456 1647 indicat,
1489 1595 1625 1637 veluti
1658 1594 1767 1636 illud
1790 1593 2047 1645 diverbium,
2081 1593 2197 1652 quod

230 1664 345 1708 inter
374 1659 594 1723 Thyesten
629 1674 671 1710 et
704 1668 888 1710 Atreum
922 1667 1187 1710 intercedere
1219 1672 1423 1724 putatur:
1458 1666 1639 1722 fregisti
1656 1665 1812 1717 fidem
1842 1664 2020 1721 adquae
2041 1666 2200 1706 Atreus

232 1735 465 1778 crudeliter
496 1738 755 1795 respondet·
787 1739 967 1795 „Neque
998 1737 1098 1780 dedi
1130 1753 1269 1796 neque
1300 1738 1357 1779 do
1389 1737 1550 1779 infideli
1583 1737 1820 1792 cuiquam.
1835 1743 1868 1777 .“
1900 1744 1943 1777 et
1976 1736 2100 1777 haec:

342 1815 348 1819 ’
651 1809 809 1862 „Quod
841 1825 886 1852 re
917 1810 961 1852 in
994 1824 1162 1852 summa
1192 1823 1405 1851 summum
1439 1823 1533 1851 esse
1567 1808 1758 1850 arbitror

656 1880 913 1933 Periculum,
945 1885 1103 1921 matres
1135 1880 1389 1938 conquinari
1423 1880 1575 1934 regiaS,

653 1950 953 1993 Contaminari
984 1951 1167 2007 stirpem
1198 1966 1247 1993 ac
1279 1951 1448 1993 misceri
1482 1955 1644 2006 genus“

233 2019 392 2080 quibus
444 2020 588 2063 verbis
622 2022 785 2064 Atreus
817 2020 1030 2065 adulterio
1077 2027 1213 2065 tot-am
1247 2022 1360 2080 regis
1406 2026 1576 2079 gentem
1626 2019 1829 2062 maculari
1876 2033 2024 2060 severe
2072 2025 2201 2075 atque

166 2091 169 2093 ’
232 2092 385 2132 acerbe
432 2091 607 2133 indicat.
654 2092 793 2133 Porro
826 2093 1048 2149 praeclar-a
1091 2093 1167 2134 illa
1211 2099 1455 2150 praecepta,
1500 2107 1611 2149 quae
1657 2096 1800 2146 ‘poeta
1829 2092 1977 2145 gravis
2009 2096 2053 2131 et.
2084 2092 2202 2144 inge-

194 2178 206 2180 “
232 2154 398 2204 nio‘sus’
446 2163 627 2205 Atreum
660 2163 766 2205 facit
797 2162 1066 2220 dicentem⁶),
1114 2163 1314 2206 Ciceroni
1364 2163 1548 2205 maxime
1595 2160 1811 2219 placuisse
1854 2158 2202 2216 Schollmeyerus

233 2233 398 2276 statuit.
431 2232 723 2277 Adiciendum
755 2248 849 2277 esse
883 2234 989 2276 mihi
1025 2233 1199 2276 videtur
1230 2232 1338 2275 illud
1373 2232 1591 2290 Thyestae
1623 2228 1800 2283 dictum,
1849 2230 1965 2289 quod
2001 2231 2070 2271 hie
2101 2230 2201 2271 filiis

194 2297 201 2307 ”
233 2304 325 2346 suis
358 2305 586 2361 praecipit:

530 2375 844 2433 „Vigilandum
878 2381 944 2419 est
975 2390 1170 2433 semper.
1217 2374 1376 2417 multae
1407 2373 1592 2417 insidiae
1625 2379 1727 2416 sunt
1761 2373 1914 2416 bouis“

206 2450 209 2452 ’
235 2447 399 2504 quippe
432 2462 542 2506 quae
579 2447 712 2490 verba
730 2447 884 2490 Cicero
920 2448 1022 2489 item
1042 2447 1266 2489 verissime
1298 2445 1413 2487 dicta
1429 2451 1526 2487 cs’se
1543 2447 1745 2487 testetur-⁷
1756 2458 1762 2492 )
1792 2447 1977 2486 tortasse
2009 2459 2059 2485 eo
2091 2459 2207 2484 com—

229 2514 391 2570 motus,
438 2519 555 2576 quod
589 2519 664 2561 illa
696 2519 832 2560 verba
864 2518 918 2561 ad
950 2534 1038 2561 rem
1071 2518 1290 2575 publicam
1340 2524 1465 2559 caute
1494 2516 1756 2560 servandam
1805 2516 1912 2558 bene
1943 2514 2209 2572 pulchreque

194 2590 205 2625 ἶ
236 2587 422 2631 valeant„
453 2587 493 2630 E
513 2588 692 2647 reliquis
724 2585 844 2631 Accii
878 2589 1037 2632 fabulis
1054 2604 1150 2631 eum
1170 2587 1353 2630 maxime
1370 2586 1950 2638 delectaverunt⁷‚,Medea“,
1980 2585 2209 2637 „Brutus“‚

379 2683 404 2729 ι)
428 2664 584 2720 {aaa
611 2684 639 2727 1,
665 2683 722 2727 28,
748 2683 804 2720 97.

198 2782 214 2786 >a
377 2743 408 2786 ²)
434 2755 495 2788 pro
520 2743 607 2779 Sest.
622 2743 679 2786 48,
706 2743 775 2778 102
800 2745 842 2779 cf.
868 2756 945 2778 cum
972 2743 1086 2778 Schol.
1108 2742 1192 2776 Bob.
1217 2742 1252 2775 in
1278 2742 1300 2777 l.
1319 2742 1341 2776 l.
1369 2741 1412 2775 ’et
1438 2741 1502 2774 hoc
1526 2739 1679 2774 eiusdem
1706 2740 1827 2784 poetae
1851 2743 1927 2772 est:
1953 2736 2100 2779 oderint,
2125 2736 2210 2770 dum

236 2806 395 2836 metuant
418 2812 524 2846 quam
549 2789 756 2838 sententiam
781 2803 970 2837 detestatur
1006 2802 1106 2847 quasi
1131 2800 1349 2845 tyrannicam
1374 2804 1409 2832 et
1434 2796 1679 2844 inauspicatem
1717 2797 1842 2830 liberae
1866 2796 2023 2838 civitati'‚
2061 2795 2152 2830 Phil.
2181 2796 2210 2836 Ι,

237 2859 293 2903 14,
319 2860 376 2896 34.

375 2919 403 2965 ⁸)
428 2918 472 2954 de
495 2930 543 2954 or.
570 2919 642 2962 ΠΙ,
669 2918 725 2963 58,
751 2918 830 2955 217.
858 2939 902 2946 -
929 2919 1031 2954 Tusn.
1057 2918 1143 2965 disp.
1169 2917 1236 2959 1V,
1263 2915 1318 2952 25.
1346 2916 1402 2950 55.
1432 2936 1473 2941 -—
1498 2916 1542 2949 de
1566 2926 1614 2950 or.
1642 2915 1710 2956 111,
1737 2914 1793 2958 58,
1820 2914 1900 2949 219.

379 2981 409 3024 ⁸)
432 2979 477 3013 de
499 2980 588 3015 offic.
615 2980 687 3023 III,
713 2979 770 3023 28,
798 2979 876 3015 102.
905 3001 948 3025 —.
973 2979 1057 3015 ibid.
1073 2977 1151 3014 106.

384 3038 412 3082 ⁸)
438 3037 482 3073 de
506 3043 577 3073 nat.
604 3038 695 3074 deor.
723 3038 793 3080 111,
819 3037 875 3074 26.
903 3037 959 3073 68.

307 3086 310 3088 Δ
374 3098 407 3143 ⁸)
432 3098 534 3134 Ribb.
561 3104 645 3143 trag.
673 3099 773 3133 Rom.
799 3099 838 3133 fr.
867 3097 963 3132 Accii
990 3109 1022 3133 v.
1049 3096 1120 3143 215
1143 3101 1177 3130 et
1202 3095 1269 3130 inc.
1299 3094 1365 3128 inc.
1392 3093 1458 3129 fab.
1486 3106 1518 3129 v,
1546 3091 1623 3127 112.

336 3197 354 3207 ἦ
385 3156 413 3201 ⁷)
439 3168 500 3201 pro
525 3156 614 3192 Sest.
640 3156 697 3192 48.
724 3156 803 3190 102.
