2461 3743
457 324 562 382 qun
617 364 619 366 v
627 279 781 393 2³5⁰ss
786 275 1011 356 marimo
990 272 1243 380 adiumento
1258 316 1327 354 est
1351 308 1474 354 locus
1487 306 1545 363 de
1561 324 1622 352 or.
1640 305 1730 362 III,
1761 308 1845 356 44:
1877 306 2105 352 “Laelium
2137 306 2200 351 sic

259 432 572 584 ,Jus‘poetae
578 542 605 569 a
628 527 852 585 gravitate
883 511 1049 582 tragica
1095 527 1366 583 aliquantum
1411 525 1612 568 recedere
1658 530 1702 566 et
1748 525 1791 566 in
1837 524 2199 567 translationibus

228 586 376 659 abque
392 597 793 655 comparationibus
824 596 878 640 ad
898 597 1158 641 comicorum
1187 596 1336 640 stilum
1360 596 1550 654 propius
1567 594 1771 639 accedere
1791 594 1979 638 sensisse
2011 594 2198 652 putabis.

277 663 426 713 mnino
458 673 603 711 autem
640 668 760 711 Livii
791 673 836 711 et-
866 667 1024 710 Naevii
1057 673 1193 710 artem
1224 667 1432 724 tragicam
1465 666 1707 709 obsoletam
1739 672 1783 709 et
1799 664 1853 707 ad
1882 672 2055 723 tempus
2078 665 2201 717 illud,

262 754 318 782 uo
349 730 541 791 irivebat,
570 754 657 781 non
691 713 1064 792 accommodatqaem
1096 753 1191 781 esse
1222 739 1545 791 existimavit.¹)

219 867 223 870 .
372 808 518 855 Multo
548 809 707 855 clarius
738 810 1046 869 copiosiusque
1078 808 1243 853 iudicat
1271 807 1427 852 Cicero
1471 807 1526 851 de
1556 808 1696 852 tribus
1729 808 1830 862 illis,
1878 809 1954 868 qui
1985 808 2116 851 Livio
2157 814 2202 851 et

196 873 405 924 *Naevio
437 888 750 933 successerunt,
781 883 925 938 poetis
955 882 1148 935 tragicis,
1178 881 1232 922 de
1266 881 1422 932 Ennio,
1455 881 1651 922 Pacuvio
1684 882 1917 936 Accioque.
1962 881 2089 932 Quos
2122 882 2197 922 Ci-

221 958 335 997 ‘cero
362 958 583 1012 tamquam
636 968 767 996 aurea
795 952 943 1010 poesis
988 952 1179 1009 tragicae
1222 957 1363 995 aetate
1408 950 1775 1009 comprehendere
1809 951 1932 1005 so'let,
1980 952 2082 1010 quia
2127 967 2200 995 eos

231 1038 330 1068 cum
360 1024 503 1068 tribus
534 1023 801 1068 Graecorum
833 1023 1013 1080 tragicis
1039 1023 1188 1081 ‘poetis
1220 1022 1456 1080 Aeschylo,
1504 1022 1732 1080 Sophocle,
1780 1022 1996 1081 Euripide
2026 1038 2199 1080 compa-

196 1104 204 1141 }
230 1109 328 1144 rare
360 1105 446 1138 non
472 1095 704 1151 dubitate)

214 1220 218 1222 ‚
373 1166 438 1210 Ut
468 1181 600 1223 supra
635 1165 839 1219 vidimus,
870 1166 1167 1210 Romanorum
1199 1168 1377 1224 tragicis
1407 1166 1549 1224 poetis
1583 1166 1737 1209 Cicero
1769 1167 1945 1209 omnino
1977 1182 2070 1209 eam
2105 1166 2200 1208 imi-

234 1237 357 1289 tandi
389 1236 601 1281 rationem
632 1252 904 1281 communem
936 1237 1073 1280 fuisse
1104 1238 1337 1291 existimat,
1384 1243 1444 1292 ut,
1475 1238 1654 1281 materia
1686 1243 1730 1279 et
1760 1237 1816 1280 ab
1849 1237 2068 1294 Aeschylo
2101 1245 2145 1279 et
2176 1252 2201 1279 a

200 1310 212 1316 ⁴
234 1308 452 1366 Sophocle
483 1313 527 1350 et
558 1308 613 1350 ab
645 1308 857 1366 Euripide
888 1314 1061 1365 sumpta
1111 1310 1154 1350 in
1187 1309 1348 1351 fabulis
1397 1309 1504 1365 ipsis
1549 1308 1859 1364 componendis
1913 1309 2201 1350 libentissime

206 1378 491 1436 *Euripidem
525 1385 819 1435 sequerentur.
882 1380 971 1422 Hic
1001 1381 1136 1437 igitur
1168 1387 1315 1431 restat,
1363 1386 1408 1422 ut
1454 1380 1664 1435 originem
1697 1380 1908 1422 Graecam
1957 1379 2200 1421 fabularum

235 1462 395 1502 earum,
427 1463 536 1508 quas
568 1464 591 1491 e
623 1448 892 1493 Graecorum
925 1451 1102 1507 tragicis
1120 1450 1262 1508 postis
1293 1465 1521 1510 expressas
1551 1465 1646 1492 esse
1669 1449 1823 1492 Cicero
1856 1454 2006 1506 aperte
2026 1449 2202 1500 iudicat,

235 1521 516 1581 argumentis,
548 1519 693 1578 quoad
726 1521 817 1562 fieri
852 1521 966 1573 licet,
996 1522 1127 1563 certis
1158 1522 1473 1583 confirmemus.
1503 1520 1602 1563 Jam
1635 1536 1686 1562 ex
1711 1520 1844 1562 Ennii
1876 1521 2037 1562 fabulis
2071 1535 2198 1562 unam

234 1589 436 1633 Medeam
468 1606 522 1632 ex
555 1590 784 1648 Euripidis
828 1591 975 1634 fabula
1006 1590 1166 1634 Medea
1196 1590 1251 1634 ad
1283 1591 1464 1634 verbum
1496 1606 1745 1648 expressam
1779 1606 1873 1633 esse
1905 1591 1959 1633 de
1991 1584 2060 1633 fin.
2094 1590 2130 1633 Ι.
2163 1593 2201 1633 2.

233 1662 263 1704 4
292 1661 466 1704 indicat.
498 1662 652 1705 Cicero
684 1662 819 1719 igitur
850 1662 1042 1706 Ennium
1079 1679 1219 1721 neque
1250 1663 1295 1705 in
1313 1663 1448 1706 totius
1480 1662 1651 1706 fabulae
1683 1662 1973 1720 dispositione
1995 1678 2135 1721 neque
2155 1663 2197 1704 in

235 1733 418 1790 singulis
438 1734 580 1776 scenis
596 1734 651 1777 ab
670 1733 898 1791 Euripidis
914 1734 1148 1793 exemplari
1167 1734 1419 1777 discessisse
1430 1740 1566 1792 putat.
1577 1734 1720 1786 Quam
1734 1749 1821 1777 rem
1838 1735 2088 1792 fragment-is
2105 1750 2200 1776 cum

226 1803 275 1855 ,G
281 1803 416 1846 raecis
427 1803 655 1861 Euripidis
665 1803 866 1848 versibus
877 1805 1137 1862 comparatis
1147 1806 1310 1862 optime
1328 1805 1601 1848 confirmavit
1612 1805 1933 1862 Ribbeckius.³)
1947 1834 2001 1838 —
2014 1806 2194 1847 Pacuvii

169 1883 178 1891 ‘
234 1874 404 1923 fabulas
422 1873 531 1917 duas
547 1875 708 1932 Niptra
726 1882 770 1918 et
784 1876 1035 1933 Antiopam,
1049 1890 1179 1919 unam
1191 1891 1214 1918 e
1228 1875 1457 1933 Sophocle,
1469 1876 1647 1922 alteram
1664 1892 1716 1920 ex
1732 1876 1947 1934 Euripide
1962 1877 2117 1920 Cicero
2135 1876 2202 1918 di-

187 2017 191 2020 ,
377 1982 405 2026 ¹)
430 1982 473 2017 cf.
498 1982 543 2016 de
567 1981 632 2026 leg.
660 1981 710 2025 11,
734 1981 790 2025 15,
815 1981 883 2016 39:
924 1982 1086 2026 „Liviani
1111 1988 1147 2017 et
1170 1982 1340 2017 Naeviani
1366 1984 1461 2018 modi
1485 1984 1645 2019 solebant
1670 1983 1849 2028 quondam
1886 1983 2050 2030 compleri
2076 1984 2202 2018 severi-

235 2045 306 2075 tate
329 2039 515 2076 iucundam
2007 2032 2016 2042 ⁸

133 2088 142 2096 ’
187 2104 190 2106 ·
377 2099 407 2143 ²)
432 2100 474 2135 cf.
501 2099 544 2133 de
568 2110 617 2134 or.
643 2099 677 2134 3.
705 2098 762 2142 27,
787 2111 837 2134 ae.
864 2099 967 2145 prior.
994 2100 1025 2142 1,
1050 2099 1084 2143 3,
1111 2100 1166 2136 10.

374 2158 403 2202 ⁸)
428 2156 473 2193 de
496 2161 586 2203 trag,
608 2156 709 2192 Rom.
736 2168 769 2205 p.
799 2156 866 2193 149
891 2159 965 2204 sqq.
992 2157 1155 2206 Exempli
1179 2158 1289 2205 gratia
1314 2158 1428 2203 verba,
1453 2169 1543 2204 quae
1566 2158 1683 2193 nutrix
1710 2159 1747 2194 in
1771 2160 1913 2207 prologo
1937 2160 1981 2195 de
1999 2162 2092 2205 Argo
2122 2161 2203 2196 navi

135 2215 140 2218 ⁹
192 2240 195 2243 x
235 2230 315 2252 eum
341 2218 527 2252 devotione
539 2214 638 2250 vicit
662 2218 702 2251 fr.
729 2218 759 2258 1,
784 2229 864 2251 cum
891 2218 1071 2263 Euripidis
1096 2219 1251 2253 versibus
1276 2220 1422 2254 Medeae
1451 2220 1471 2252 1
1497 2230 1571 2262 sqq.
1596 2221 1734 2253 conlata
1758 2221 1947 2253 secundum
1973 2221 2203 2254 Ribbeckium

236 2269 294 2313 hic
317 2275 578 2324 adscripserim:

378 2348 385 2351 ·
685 2336 830 2371 Utinam
855 2348 899 2371 ne
922 2336 960 2370 in
984 2347 1124 2371 nemore
1148 2336 1245 2371 Pelio
1263 2336 1447 2372 *securibus

683 2408 782 2431 caesa
805 2395 992 2431 accedisset
1015 2395 1162 2440 abiegna
1186 2396 1230 2430 ad
1255 2400 1381 2431 terram
1403 2396 1529 2439 trabes,

685 2466 772 2490 neve
797 2454 876 2490 inde
900 2454 1000 2489 navis
1024 2454 1239 2490 incohandae
1264 2455 1446 2490 exordium

649 2556 651 2559 v
685 2514 861 2559 coepisset,
887 2526 976 2558 quae
1000 2526 1092 2548 nunc
1116 2514 1315 2550 nominatur
1340 2515 1482 2549 nomine

686 2573 790 2617 Argo,
815 2572 898 2617 quia
924 2572 1048 2618 Argivi
1072 2574 1110 2607 in
1134 2584 1175 2607 ea
1199 2572 1322 2607 delecti
1346 2573 1412 2607 viri

689 2632 779 2666 vecti
803 2632 968 2678 petebant
992 2633 1117 2678 pellem
1139 2632 1336 2666 inauratam
1359 2632 1477 2667 arietis

688 2690 838 2735 Colchis,
864 2690 1010 2738 imperio
1034 2690 1123 2736 regis
1148 2691 1277 2735 Peliae,
1304 2703 1364 2738 per
1388 2691 1507 2725 dolum

686 2751 780 2786 Nam
804 2763 997 2796 numquam
1021 2763 1079 2786 era
1102 2763 1218 2786 errans
1243 2763 1321 2786 mea
1345 2751 1449 2786 domo
1473 2752 1614 2786 ecferret
1640 2752 1761 2795 pedem

687 2810 823 2855 Medea,
849 2810 967 2845 animo
991 2822 1103 2856 aegra,
1128 2822 1244 2845 amore
1268 2822 1371 2845 saevo
1396 2811 1512 2845 saucia

238 2873 368 2918 quibus
392 2883 470 2905 cum
499 2871 598 2905 facile
622 2869 833 2914 intellegitur
857 2875 936 2916 apte
959 2871 1144 2905 convenire
1168 2870 1274 2905 haec:

777 2932 856 2974 εἴθ’
888 2934 1003 2988 ὤφελ’
1038 2933 1197 2988 Ἀργοῦς
1229 2933 1282 2984 μὴ
1313 2932 1538 2975 διαπτάσθαι
1570 2936 1709 2988 σκάφος

778 3006 945 3058 Κόλχων
976 3006 1016 3053 ἐς
1046 3003 1128 3044 αἶαν
1158 3007 1315 3053 κυανέας
1346 3005 1643 3059 Ξυμπληγάδας,

777 3072 865 3128 μηδ’
899 3076 937 3126 ἐς
969 3077 1110 3118 νάποισι
1143 3075 1287 3127 Πηλίου
1317 3077 1443 3118 πεσεῖν
1474 3091 1565 3119 ποτε

777 3146 969 3198 τμηθεῖσα
1001 3149 1120 3202 πεὺκῃ
1150 3148 1237 3199 μηδ’
1270 3149 1477 3202 ἐρετμῶσαι
1507 3152 1624 3204 χέρας
