2461 3743
214 457 238 471 ,¹
384 405 474 464 sed
505 422 721 467 parum
763 408 1014 465 tragice
1057 407 1351 452 transtulisse'
1381 407 1533 463 dicit.¹)
1593 407 1749 466 Neque
1781 408 1826 460 Q
1846 409 2010 452 uinti
2057 409 2204 452 fratris

199 468 208 477 i
275 483 324 523 le
356 473 522 536 tragica
552 478 682 522 valde
712 478 951 533 delectatus
983 494 1078 522 esse
1110 477 1295 531 videtur,
1339 478 1502 536 quippe
1534 493 1630 521 cum
1661 478 1868 532 fabulam,
1908 494 2037 537 quam
2070 495 2092 522 e
2124 478 2204 522 So-

263 541 387 606 focle
417 550 645 607 expressit,
693 552 974 610 *Συνδειπνοὺςζ
1028 564 1286 609 quamquam
1320 563 1424 591 eam>
1460 564 1485 591 a
1515 550 1648 591 fratre
1695 549 1880 591 ‘festive’
1925 555 2064 592 actam
2110 564 2205 592 esse

283 619 443 674 incedit,
473 627 616 664 tamen
650 636 695 663 se
726 620 846 663 nullo
880 620 1007 663 modo
1039 620 1224 678 probare
1255 619 1469 675 indicet.²)
1531 619 1699 663 Eodem
1731 619 1909 663 tendere
1943 619 2115 663 videtur
2147 620 2204 673 id,

204 690 354 754 [quod
382 683 553 746 tectius,
599 692 673 736 sed
707 707 791 736 non
825 693 919 736 sine
951 692 1151 736 irrisione
1184 692 1382 746 Quinto„
1413 691 1575 750 quippe
1608 691 1682 751 qui
1731 692 1844 735 intra
1876 691 2064 735 sedecim
2111 691 2204 735 dies

194 756 443 824 .‡‚,quattuor'
471 763 718 822 tragoedias
751 765 995 818 confecerit,
1017 764 1094 807 '‘ab
1125 764 1212 807 alio
1244 763 1481 821 quidquam
1514 765 1702 806 mutuari
1736 778 1846 821 opus
1879 778 1964 806 non
1997 763 2107 806 esse'
2136 779 2205 806 ar-

201 832 207 878 ]
220 824 473 891 vbitraturJ3)

369 904 456 953 His
488 906 701 950 absolutis
734 920 802 949 res
834 906 1040 964 postulat,
1088 905 1418 959 utbvideamuS,
1466 906 1571 966 quid
1604 921 1658 949 ex
1690 907 1764 959 eis,
1811 921 1922 965 quae
1955 906 2035 949 hac
2066 906 2204 949 altera

202 1030 205 1031 ⁷
234 975 547 1035 disputat-ionis
590 983 714 1034 parte
745 977 1043 1029 tractavimus,
1075 977 1202 1019 nobis
1233 976 1540 1033 conligendum
1573 979 1643 1020 sit.
1689 978 1855 1029 Cicero,
1895 984 1941 1019 ut
1971 978 2098 1020 facile
2129 993 2203 1020 co-

207 1088 208 1091 ,
233 1048 471 1107 gnoscitun
501 1048 615 1093 inter
630 1062 778 1091 omnes
796 1048 984 1104 tragicos
1008 1048 1216 1100 Ennium,
1247 1047 1502 1100 Pacuvium,
1535 1049 1714 1091 Accium
1748 1048 1935 1105 primum
1953 1049 2094 1091 locum
2126 1049 2205 1092 ob-

222 1118 423 1164 tinuisse
448 1123 563 1161 certe
594 1118 814 1175 cognitum
848 1118 988 1161 habet.
1020 1117 1134 1161 Inde
1166 1124 1323 1171 autem,
1355 1117 1471 1176 quod
1504 1118 1572 1160 his
1604 1119 1712 1176 ipsis
1744 1118 1921 1176 optimis
1953 1119 2094 1176 poetis
2114 1125 2204 1161 tra-

174 1218 190 1230 »,
231 1183 462 1248 gicishon
493 1189 622 1232 modo
654 1188 826 1232 laudem
858 1196 987 1247 atque
1019 1188 1350 1233 admirationem
1382 1189 1613 1232 maximam
1645 1190 1847 1243 tribuere,
1891 1204 2042 1233 verum
2074 1190 2204 1232 etiam

159 1317 163 1320 ἡ
235 1276 311 1307 eos
342 1261 559 1308 interdum
594 1262 636 1303 in
669 1260 891 1314 nonnullis
922 1261 1051 1303 rebus
1085 1259 1269 1317 singulis
1300 1258 1432 1302 ¹notis
1466 1261 1712 1318 vituperare
1757 1277 1843 1303 non
1876 1261 2060 1314 dubitat,
2107 1276 2204 1303 eum

175 1337 179 1341 ’
239 1331 417 1377 omnino
448 1330 502 1376 de
530 1331 599 1374 his
631 1331 772 1389 poetis
805 1331 880 1375 vix
914 1330 1039 1374 aliter
1074 1331 1262 1375 sensisse
1293 1331 1502 1390 sequitur,
1550 1346 1678 1392 quam
1725 1347 1770 1375 re
1803 1347 1905 1375 vera
1953 1332 1995 1375 in
2030 1332 2204 1390 scriptis

238 1404 329 1446 suis
363 1401 487 1445 dixit.
533 1402 645 1444 Tum
678 1417 756 1459 per
787 1417 833 1445 se
865 1408 1012 1459 patere
1045 1401 1221 1445 videtur
1253 1403 1507 1445 Ciceronem
1555 1403 1714 1445 iudicia
1748 1418 1837 1456 sua,
1890 1404 2052 1461 quippe
2093 1418 2203 1460 quae

232 1475 462 1517 maximam
499 1479 664 1530 partem
699 1473 805 1515 nihil
856 1473 939 1515 nisi
972 1479 1164 1530 apertam
1206 1473 1377 1517 laudem
1410 1481 1453 1516 et
1479 1470 1807 1517 admirationem
1840 1489 1943 1531 prae
1976 1489 2021 1516 se
2053 1475 2207 1526 terant,

236 1560 321 1590 non
353 1550 441 1589 tam
474 1550 674 1587 accurate
706 1543 970 1601 concepisse,
1019 1550 1067 1587 ut
1096 1544 1226 1587 etiam
1274 1543 1329 1587 ad
1362 1559 1424 1598 ea,
1468 1559 1578 1603 quae
1610 1544 1740 1588 hodie
1788 1544 1840 1587 de
1872 1550 2027 1587 natura
2075 1550 2206 1603 atque

234 1615 381 1658 indole
414 1614 663 1671 tragoediae
695 1614 916 1656 Romanae
961 1621 1126 1657 statuta
1156 1615 1378 1667 habemus,
1426 1631 1481 1657 ex
1514 1617 1629 1657 omni
1674 1622 1797 1672 parte
1829 1616 2001 1672 possint
2044 1617 2206 1657 reterri.

235 1687 430 1730 Maxime
462 1684 701 1729 delectatus
733 1700 827 1728 esse
861 1685 1035 1729 videtur
1065 1690 1110 1729 et
1140 1685 1269 1729 rebus
1301 1691 1345 1729 et
1376 1686 1574 1744 personis
1615 1687 1659 1729 in
1693 1685 1930 1744 tragoediis
1963 1685 2206 1743 descriptis,

234 1763 539 1816 praeterquam
571 1756 687 1815 quod
721 1771 782 1809 ea,
815 1757 974 1814 quibus
1006 1757 1109 1800 boni
1143 1771 1283 1800 mores
1315 1763 1708 1815 corrumperentur,
1740 1758 1778 1799 ei
1808 1757 2039 1799 offensioni
2071 1763 2205 1799 erant.

234 1829 346 1871 Item
379 1829 649 1885 singulorum
698 1833 924 1885 poetarum
972 1828 1180 1886 loquendi
1225 1843 1396 1885 genera,
1447 1844 1707 1886 quamquam
1757 1832 1799 1870 in
1834 1828 1895 1870 eis
1943 1827 2152 1870 nonnulla
2183 1842 2205 1869 e

232 1899 406 1957 linguae
438 1899 605 1942 ratione
636 1903 712 1940 aut
744 1898 856 1940 male
889 1897 1008 1941 dic-ta
1039 1904 1115 1941 aut
1147 1898 1260 1941 male
1292 1898 1560 1941 conformata
1587 1899 1818 1955 vituperat,
1849 1903 1993 1940 tamen
2027 1903 2206 1955 propter

234 1971 442 2026 tragicam
475 1970 564 2012 vim
596 1985 647 2011 ac
678 1970 953 2011 severitatem
986 1985 1083 2011 eum
1109 1969 1447 2012 delectaverunt.
1494 1970 1688 2013 Omnino
1722 1968 1839 2011 haud
1872 1968 2002 2011 dubie
2034 1975 2207 2011 constat

236 2041 490 2086 Ciceronem
523 2040 610 2085 illis
643 2039 865 2085 veteribus
915 2039 1162 2099 tragoediae
1207 2040 1481 2100 principibus
1525 2040 1668 2095 Livio,
1701 2039 1884 2094 Naevio,
1931 2039 2089 2093 Ennio,
2122 2038 2206 2083 Pa-

236 2113 365 2155 cuvio
398 2112 620 2169 Accioque
669 2112 805 2154 multo
839 2113 975 2169 magis
1022 2113 1186 2155 favisse
1218 2127 1350 2171 quam
1409 2113 1495 2154 illis
1528 2113 1626 2155 aliis
1658 2111 1984 2163 recentioribus,
2032 2112 2107 2170 qui
2138 2111 2206 2152 his

235 2190 548 2225 successerunt.
590 2210 637 2215 -ν
669 2183 785 2226 Utut
817 2199 885 2225 res
918 2199 964 2226 se
996 2184 1140 2235 habet,
1171 2200 1224 2227 ex
1254 2191 1347 2227 tota
1380 2184 1460 2227 hac
1491 2183 1787 2240 disputatione
1805 2182 2029 2226 Ciceronis
2046 2181 2206 2224 iudicia

9 2267 63 2288 ⁵
148 2254 151 2256 ’
233 2253 289 2298 ad
320 2253 588 2313 tragoediam
624 2253 863 2298 Romanam
896 2260 1010 2297 recte
1043 2253 1366 2299 diiudicandam
1400 2254 1517 2298 haud
1548 2254 1674 2313 parvi
1707 2253 1913 2297 momenti
1944 2267 2038 2296 esse
2072 2258 2205 2311 pat-et.

1665 2384 1731 2432 R.
1766 2384 2063 2432 Uul-zer·-

375 3048 400 3091 1)
429 3048 525 3082 Brut.
552 3046 609 3081 45.
639 3046 719 3082 164.

372 3106 404 3151 ²)
428 3118 483 3151 ep.
508 3105 554 3140 ad
578 3105 698 3148 Quint.
725 3106 765 3142 rr.
792 3107 843 3150 11,
870 3106 925 3151 15,
951 3106 973 3141 3
999 3106 1069 3151 111,
1097 3107 1129 3150 1,
1157 3106 1211 3142 13.

312 3195 333 3205 a
373 3166 403 3211 ⁸)
427 3164 473 3200 ad
498 3164 617 3207 Quint.
635 3165 705 3209 111,
732 3165 766 3209 6,
783 3166 814 3203 7.
841 3165 943 3201 Ribb.
969 3179 1003 3211 p.
1023 3165 1104 3203 264.
