2461 3690
243 395 340 425 esse
371 381 562 424 arbitror
594 387 750 422 versus
784 379 883 422 illos
916 380 1106 437 tragicos
1141 385 1210 422 sat
1256 379 1439 424 idoneos
1470 380 1619 433 tuisse,
1668 374 2049 439 quielegantistuy

245 452 484 496 banitatem
519 452 747 505 sermonis,
779 466 867 511 qua
898 452 942 494 in
978 450 1046 494 his
1077 448 1281 509 epistulis
1316 451 1378 495 uti
1407 450 1611 496 Ciceroni
1644 450 1829 495 maxime
1848 445 2092 506 *decorum-
2169 502 2172 505 Δ

245 524 435 576 videtur,
468 523 597 566 valde
629 529 840 584 augerent
871 530 915 566 et
946 523 1273 578 amplificarent.
1307 523 1505 567 Omnino·
1527 521 1621 571 ‘nou
1664 522 2016 566 obliviscendum*
2044 517 2117 567 est*

242 595 383 639 stulas
415 610 439 638 a
473 595 687 639 Cicerone
721 594 908 651 scriptas
941 609 1036 636 esse
1067 593 1121 636 ad
1157 595 1289 645 viros,
1338 594 1598 651 quibuscum
1629 592 1887 637 arctissimis
1934 599 2011 636 aut
2039 586 2163 648 tami,

242 673 320 710 aut
350 666 568 709 amicitiae
601 666 790 708 vinculis
824 665 1083 707 coniunctus
1116 667 1257 718 erat.¹)
1292 664 1390 707 Hos
1423 671 1568 707 autem
1600 680 1679 723 cur
1710 681 1856 709 veram
1899 666 2023 710 suam'
2052 664 2107 708 de
2137 667 2230 718 fra-

240 736 400 793 goedia
433 737 694 779 sententiam
727 736 948 786 celaverit,
996 751 1094 778 cum
1128 751 1259 779 causa
1291 735 1532 793 probabilis
1573 736 1759 779 inveniri
1807 751 1891 780 non
1926 736 2079 794 possit,
2110 725 2237 780 instit

242 807 343 865 plus
377 822 613 865 possumus
645 805 910 849 contendere
945 804 1118 858 iudicia,
1150 822 1261 865 quae
1293 805 1347 850 de
1379 806 1604 865 tragoedia
1636 806 1833 856 Romana
1864 806 1931 849 vel
1966 806 2020 849 de
2041 796 2228 864 singtilis

240 879 402 921 fabulis
436 879 477 919 in
513 878 715 934 epistulis
750 877 1045 928 inveniuntur,
1078 877 1132 919 ab
1165 893 1215 919 eo
1248 886 1396 935 aperte
1428 888 1559 936 atque
1594 879 1779 934 ingenue
1796 884 2007 933 concepta
2039 876 2226 934 ideoq'ile
2240 877 2308 922 ‘ss'

240 950 417 1007 plurimi
451 948 722 991 aestimanda
756 963 863 991 esse.
902 949 1066 991 Verum
1103 949 1232 990 etiam
1267 948 1379 1001 inde,
1411 949 1527 1005 quod
1554 949 1752 992 versibus
1785 949 2101 1008 sententiisque
2133 954 2222 992 tra-
2295 962 2301 982 ἐ

238 1020 349 1077 gicis
381 1026 468 1061 tam
520 1025 621 1076 apte
668 1034 717 1061 ac
750 1017 989 1076 prudenter·
1020 1018 1279 1062 adhibendis
1329 1034 1570 1062 sermonem
1621 1021 1763 1077 ipsum
1797 1020 1978 1064 latinum
2027 1018 2229 1062 excolere
2263 1011 2398 1079 „5³23

239 1090 457 1141 studebat,
492 1090 762 1146 tragoediam
797 1090 1038 1133 Romanam
1072 1090 1114 1132 in
1149 1090 1337 1133 maximo
1370 1091 1534 1134 honore
1566 1091 1775 1149 cultuque
1807 1090 1922 1149 apud
1957 1105 2055 1133 eum
2086 1090 2252 1135 fnisse·
2309 1129 2316 1142 ,
2357 1107 2367 1120 ³

238 1169 433 1220 apparet.
483 1188 533 1193 ——
589 1161 762 1204 Deinde
798 1161 953 1204 Cicero
986 1162 1116 1204 etiam
1162 1161 1203 1203 in
1238 1161 1363 1204 libris
1396 1160 1675 1220 philosophis
1722 1168 1766 1219 et
1799 1160 2026 1204 rhetoricis
2072 1160 2225 1204 creber
2340 1214 2344 1216 ,
2373 1213 2382 1220 .,

239 1241 333 1275 erat
366 1235 407 1274 in
441 1235 704 1290 tragicorum
741 1238 970 1289 poetarum
1004 1234 1205 1275 versibus
1240 1234 1557 1291 sententiisque
1589 1232 1834 1282 laudandis,
1867 1234 1928 1275 ita
1961 1240 2008 1275 ut
2026 1231 2222 1276 dubitari
2242 1242 2261 1271 ’.
2344 1272 2359 1298 t

239 1314 438 1362 nequeat,
471 1306 576 1362 quin
613 1305 713 1347 item
733 1305 807 1356 eis,
840 1304 913 1362 qui
933 1304 1031 1348 illos
1064 1304 1200 1348 libros
1232 1304 1448 1361 legebant,
1481 1304 1711 1348 maximam
1740 1302 2072 1348 delectationem
2105 1308 2221 1347 attu—

238 1375 348 1418 lerit.
384 1377 449 1418 Ac
483 1376 670 1434 primum
705 1375 881 1434 quidem
917 1375 959 1417 in
995 1375 1301 1433 philosophiae
1334 1375 1460 1418 libris
1490 1390 1574 1417 non
1609 1375 1761 1427 detuit,
1794 1376 2027 1434 quominus
2050 1374 2104 1417 ad
2132 1374 2222 1416 sin-

236 1448 362 1502 gulas
399 1462 467 1488 res
500 1447 864 1489 demonstrandas
899 1447 967 1489 vel
1001 1447 1247 1490 accuratius
1279 1447 1561 1503 explicandas
1597 1447 1837 1489 sententias
1870 1438 2098 1504 poetarum
2129 1446 2222 1489 Ro-

238 1533 461 1560 manorum
498 1518 761 1574 tragicorum
811 1524 924 1561 tecte
957 1517 1197 1561 adhiberet.
1249 1518 1324 1571 Ae,
1371 1533 1423 1560 ne
1457 1517 1656 1575 exempla
1687 1516 1843 1570 desint,
1892 1517 2010 1560 locos
2042 1516 2218 1560 afferam

236 1589 447 1647 singulm,
498 1589 633 1632 veluti
667 1588 720 1632 de
754 1596 840 1631 nat.
873 1588 991 1631 deor.
1023 1588 1060 1641 I,
1091 1590 1160 1642 42,
1198 1589 1304 1632 119:
1355 1589 1568 1644 ‘ommitto
1600 1589 1809 1631 Eleusina
1859 1595 2051 1631 sanctam
2100 1587 2217 1631 illam

236 1670 279 1705 et
310 1670 554 1718 augustam,
604 1662 678 1703 ubi
712 1663 945 1704 initiantur
990 1669 1142 1718 gentes
1192 1677 1365 1704 orarum
1410 1662 1614 1714 ultimae'‚
1660 1661 1820 1720 quibus
1869 1661 2016 1703 verbis
2065 1675 2219 1703 versus

238 1733 466 1777 Ennianus
501 1732 784 1783 Ribbecki02)
819 1733 1032 1776 contineri
1069 1732 1256 1786 videtur,
1288 1748 1416 1791 quem
1450 1733 1605 1776 tribuit
1625 1732 1757 1775 Ennii
1791 1732 1977 1784 fabulae,
2008 1731 2218 1790 quaedi-

235 1806 360 1857 citur,
396 1804 660 1856 Erechtheo,
692 1805 755 1845 ita
788 1810 836 1846 ut
868 1803 942 1845 illa
976 1803 1110 1847 verba
1145 1805 1187 1846 in
1220 1805 1402 1861 prologo
1434 1805 1489 1847 ab
1522 1804 1668 1847 Ennio
1701 1806 1846 1862 posita
1891 1804 2087 1861 putanda
2118 1805 2218 1856 sint,

237 1876 305 1917 vel
340 1877 394 1917 de
427 1876 496 1917 fin.
533 1875 590 1917 V.
626 1878 691 1926 11,
726 1877 795 1927 31,
846 1875 920 1916 ubi
954 1875 1086 1917 Ennii
1139 1890 1310 1918 versum
1363 1891 1415 1917 ex
1450 1875 1746 1918 Alcumaeone
1795 1875 1945 1918 tabula
1976 1875 2215 1917 immistum

236 1947 443 2002 legimus:
477 1946 602 2005 „quis
636 1952 701 1988 est
734 1945 847 1989 enim
882 1953 959 1989 aut
991 1947 1352 2006 quotusquisque,
1384 1947 1452 1989 cui
1481 1961 1610 1999 mors,
1640 1961 1737 1990 eum
1757 1946 2083 2008 appropinquet
2115 1951 2215 1987 ‘non

235 2017 423 2073 refugiat
453 2016 609 2058 timido
642 2014 834 2072 Sanguen
869 2022 1000 2075 atque
1034 2017 1284 2059 exalbescat
1302 2023 1454 2059 metu“.
1488 2016 1628 2059 Simili
1651 2017 1780 2059 modo
1810 2030 1974 2073 pavore
2008 2016 2077 2058 vel
2097 2022 2214 2058 metu

237 2095 422 2131 mentem
455 2087 552 2131 loco
586 2091 749 2130 moveri
787 2087 1034 2131 accuratius
1066 2085 1194 2131 docet
1209 2088 1421 2146 exemplo,
1453 2086 1570 2146 quod
1603 2088 1792 2146 sumpsit
1822 2102 1878 2131 ex
1896 2086 2048 2130 eadem
2084 2086 2214 2131 Ennii

233 2160 383 2202 tabula.
432 2160 474 2201 in
508 2159 637 2201 Tusc.
670 2158 755 2203 IV.
791 2160 828 2201 8.
864 2159 919 2201 19
963 2165 1008 2201 et
1041 2174 1213 2203 versum
1262 2158 1490 2203 Ennianae
1536 2159 1710 2203 tabulae
1741 2160 1961 2217 Thyestae
2010 2160 2053 2202 in
2085 2159 2216 2203 Tusc.

233 2230 324 2282 ΙΙΙ,
362 2231 425 2272 12.
459 2231 514 2272 26
547 2230 761 2281 adhibuit,
796 2236 841 2271 ut
870 2230 1132 2282 ostenderet,
1165 2237 1329 2288 quanta
1346 2231 1593 2273 constantia
1627 2232 1668 2272 in
1687 2230 1914 2273 doloribus
1948 2230 2217 2287 perferendis
2253 2289 2256 2290 γ

188 2339 191 2341 μ
233 2316 328 2344 esse
362 2308 524 2358 posset.
556 2301 788 2344 Eiusmodi
820 2300 1055 2358 exempla³)
1087 2317 1185 2345 uum
1204 2300 1380 2358 longum
1414 2301 1472 2345 sit
1507 2316 1771 2354 enumerare,
1804 2302 1887 2344 iam
1916 2317 1969 2344 ex
2001 2301 2076 2355 eis,
2107 2313 2217 2359 quae

234 2372 473 2421 attulimus,
504 2373 716 2430 exemplis
750 2372 858 2415 illud
895 2387 1027 2415 unum
1050 2373 1176 2415 nobis
1208 2373 1426 2431 conligere
1448 2372 1548 2416 licet
1580 2373 1836 2416 Ciceronem
1868 2373 2081 2415 eiusmodi
2116 2388 2217 2415 sen—

233 2444 384 2486 tentiis
418 2444 680 2500 tragicorum
713 2447 938 2501 poetarum
986 2442 1248 2486 adhibendis
1293 2444 1336 2487 id
1370 2452 1486 2488 certe
1530 2440 1738 2496 effecisse,
1787 2450 1835 2487 ut
1866 2459 1932 2487 res
1984 2444 2038 2487 ad
2073 2443 2217 2501 philo-

233 2514 433 2571 sophiam
466 2520 712 2571 spectantes
745 2514 961 2572 elegantia
994 2514 1182 2573 quadam
1219 2516 1377 2558 Latino
1411 2530 1612 2574 sermone
1640 2523 1859 2558 tractaret.
1922 2514 2075 2573 Neque
2109 2529 2215 2565 vero

233 2585 275 2627 id
310 2585 365 2627 ab
399 2585 492 2626 eius
526 2585 665 2642 ipsius
697 2586 881 2629 consilio
914 2587 1104 2630 alienum
1137 2586 1231 2639 fnit,
1263 2602 1360 2629 eum
1385 2585 1427 2628 id
1448 2587 1631 2629 maxime
1664 2593 1823 2643 ageret,
1855 2593 1903 2629 ut
1920 2586 2049 2628 etiam
2070 2585 2214 2642 philo-

233 2656 415 2713 sophiae
448 2656 609 2712 studia‚
644 2672 755 2715 quae
789 2657 842 2700 ad
879 2658 1013 2701 vitam
1050 2664 1092 2700 et
1111 2673 1251 2701 mores
1284 2657 1507 2700 hominum
1528 2658 1760 2715 pertinent,
1791 2673 1816 2700 a
1836 2657 2044 2700 Romanis
2074 2658 2215 2715 pluris

231 2729 612 2782 aestin1arentur.⁴)
650 2728 820 2770 Deinde
854 2730 895 2770 in
932 2730 1071 2780 libris,
1103 2729 1176 2785 qui
1210 2729 1263 2771 ad
1300 2745 1389 2772 rem
1424 2729 1682 2771 rhetoricam
1717 2734 1926 2785 spectent,
1960 2728 2215 2786 quodsum-

377 2836 403 2879 ¹)
429 2836 470 2870 Ε.
499 2836 618 2880 Lange
645 2848 676 2880 p.
704 2835 736 2871 3.

373 2894 401 2937 ²)
429 2894 472 2928 de
498 2900 583 2938 trag.
611 2894 711 2929 Rom.
739 2906 772 2939 p.
800 2895 878 2929 183.

370 2955 399 2996 ⁸)
424 2955 465 2989 ef.
501 2954 603 2989 Tuse.
633 2955 661 2996 l,
690 2954 744 2989 28.
777 2955 833 2997 69,
859 2956 913 2989 cui
941 2956 1016 2990 loeo
1041 2955 1202 2990 similiter
1225 2956 1380 2999 subrepit
1406 2966 1524 2988 versus
1550 2953 1720 2997 tragicus:

720 3014 815 3056 „Sub
839 3026 905 3049 axe
932 3015 1044 3059 posita
1068 3014 1111 3048 ad
1138 3015 1253 3048 stellas
1279 3020 1422 3059 septem,
1450 3014 1541 3048 unde
1568 3012 1710 3046 horrifer

721 3074 908 3118 Aquilonis
934 3074 1061 3108 stridor
1084 3073 1218 3118 gelidas
1243 3073 1386 3108 molitur
1411 3075 1540 3107 naves“

229 3133 281 3167 vel
309 3132 412 3168 Tusc.
440 3132 490 3174 Il,
521 3131 574 3174 14,
600 3131 648 3166 33
674 3133 728 3166 vel
754 3133 837 3169 ibid.
866 3133 913 3176 ΙΙ,
940 3133 997 3177 27,
1025 3133 1069 3168 67
1096 3134 1151 3167 vel
1178 3134 1226 3176 II,
1256 3132 1288 3176 7,
1320 3132 1375 3168 19.

368 3194 396 3237 ⁸)
422 3192 541 3226 Cicero
566 3192 712 3226 omnino
737 3204 930 3228 sermonem
968 3195 1083 3238 ipsum
1109 3194 1290 3238 tragicum,
1330 3199 1368 3227 ut
1402 3193 1446 3226 ad
1472 3205 1609 3227 omnem
1639 3193 1880 3228 verecundiam
1916 3199 1953 3228 et
1991 3192 2208 3227 severitatem
