2461 3743
319 378 321 380 Ι
718 366 740 375 ...
961 316 1202 386 Qpngna?
1242 338 1377 381 quae
1366 315 1643 383 popularem
1675 302 2004 370 admirationem
2037 325 2202 369 habue-

707 367 1026 444 ,efeotationem
1073 393 1355 442 attulissent.
1345 394 1381 425 '⁴‘
1414 392 1647 438 Videmus
1678 393 1813 452 igitur
1843 393 2043 440 Ciceroni
2092 396 2208 441 eius-

229 471 233 478 '
325 462 328 463 ⁷
526 498 539 516 ,
560 451 833 526 varietatem,
878 479 965 525 qua
995 448 1286 524 spectantium
1331 465 1465 517 animi
1511 480 1597 508 non
1633 473 1906 524 caperentur,
1950 467 2027 510 sed
2059 458 2207 526 potius

630 536 865 597 quominus
894 530 1157 594 tabularum
1175 535 1502 594 pulcritudines
1534 536 1729 594 poeticas
1762 539 1986 591 sentirent,
2029 540 2208 583 omnino

400 595 538 663 mese,
563 589 625 651 ita
657 614 705 651 ut
734 623 832 651 eum
862 607 918 650 de
949 607 1019 657 his
1049 607 1217 663 rebus,
1237 623 1334 651 cum
1363 609 1452 652 iam
1487 608 1703 651 excultius
1746 608 1964 668 quoddam
1998 609 2206 653 iudicium

368 678 526 737 perit,
528 693 640 722 cum
664 678 845 740 populo
868 679 965 738 ipso
1015 692 1102 722 uon
1133 679 1408 722 consensisse
1437 679 1544 723 satis
1575 680 1754 723 eluceat.
1763 682 1795 740 ¹)
1856 680 1970 723 Tum
2003 680 2205 725 Ciceroni

303 742 317 748 ..
344 780 363 810 .·
391 747 627 807 tragicam
660 750 959 794 histrionalem
1009 758 1202 805 summae
1241 749 1519 794 delectationi
1564 757 1699 809 atque
1745 751 2023 795 admirationi
2070 754 2206 796 fuisse

362 828 545 882 quoque
576 822 798 880 probatur,
829 822 947 881 quod
980 822 1098 866 illius
1129 822 1286 871 aetatis
1316 821 1568 879 tragoediae
1599 827 1768 866 actores
1787 823 2080 867 celeberrimis
2112 824 2207 867 lau-

288 907 367 952 rus
397 893 618 937 cumulare
664 899 795 952 atque
826 909 1037 946 exornare
1084 905 1170 936 non
1205 891 1407 951 neglexit.
1470 892 1544 936 Sic
1583 893 1791 937 Roscium
1843 895 2205 952 perfectissimum

260 951 356 1009 ¹⁵⁷8⁵·
375 966 564 1010 notoriae
594 965 816 1023 exemplar
846 965 1041 1024 appellat
1071 964 1139 1008 de
1145 978 1206 1028 ιιι.
1221 963 1258 1017 I,
1289 966 1358 1016 61,
1390 965 1475 1008 258
1509 965 1570 1007 ita
1601 964 1821 1008 disserens
1854 966 1907 1008 de
1928 966 2204 1011 oratoribus:

193 1017 466 1104 essvolmstn
494 1037 628 1079 enim
656 1038 700 1079 in
733 1051 812 1080 suo
842 1051 998 1093 genere
1045 1050 1177 1079 unum
1218 1051 1432 1093 quemque
1464 1042 1660 1079 nostrum
1702 1037 1827 1094 quasi
1862 1036 2079 1094 quendam
2112 1052 2207 1080 esse

195 1101 481 1158 ’Ἔδειοῐιιιιι“.
543 1108 727 1151 Etiamsi
776 1109 820 1150 in
851 1107 1096 1166 comoediis,
1130 1106 1184 1171 ad
1217 1105 1388 1169 tabulas
1420 1106 1623 1164 palliatas
1655 1107 1900 1150 recitandas
1942 1113 1985 1150 et
2015 1107 2206 1164 agendas

282 1223 292 1230 ³
332 1178 491 1240 ssimus
524 1185 628 1232 erat,
659 1186 803 1222 tamen
835 1195 932 1223 eum
964 1181 1009 1223 in
1035 1180 1211 1237 tragicis
1243 1179 1404 1224 fabulis
1438 1178 1554 1221 haud
1574 1178 1729 1221 minori
1761 1178 2036 1222 admirationi
2070 1180 2208 1221 fuisse

195 1284 222 1307 4.
235 1249 402 1308 populo
434 1248 589 1293 Cicero
621 1265 682 1293 or.
714 1250 783 1303 31,
820 1252 903 1294 109
935 1251 1127 1294 indicare
1160 1252 1336 1293 videtur
1367 1250 1434 1293 his
1468 1249 1637 1293 verbis:
1671 1249 1783 1301 „Sed
1818 1249 1924 1309 quid
1959 1254 2109 1307 poetas
2141 1249 2207 1292 di-

208 1319 343 1365 'mo
375 1320 550 1378 ingenio
582 1321 792 1378 protero?
838 1321 1092 1364 Histriones
1122 1336 1196 1364 eos
1242 1321 1446 1373 vidimus,
1495 1321 1655 1379 quibus
1698 1319 1807 1362 nihil
1854 1326 2002 1378 posset
2049 1320 2094 1362 in
2127 1335 2207 1362 suo

191 1405 395 1451 „ge-nere
427 1406 522 1434 esse
552 1392 860 1451 praestantius,
891 1392 964 1450 qui
997 1408 1083 1435 non
1117 1392 1258 1436 solum
1288 1393 1333 1435 in
1365 1391 1673 1435 dissimillimis
1705 1392 1904 1449 personis
1936 1392 2044 1434 satis
2076 1392 2207 1435 tacie-

194 1461 355 1518 ⁴bant,
397 1478 495 1506 cum
540 1470 683 1507 tamen
731 1465 775 1507 in
809 1465 900 1508 suis
950 1470 1239 1519 versarentur,
1286 1463 1361 1508 sed
1407 1471 1451 1507 et
1492 1462 1744 1506 comoedum
1789 1464 1831 1506 in
1880 1462 2116 1520 tragoediis
2164 1468 2208 1505 et

195 1529 491 1595 '‘..tragoedum
539 1535 582 1578 in
628 1535 864 1579 comoediis
912 1535 1145 1580 admodum
1193 1535 1363 1595 placere
1412 1535 1628 1580 vidimus:
1676 1551 1756 1593 ego
1799 1550 1884 1577 non
1931 1534 2145 1578 elaborem
2164 1534 2209 1578 ’.Μ

204 1603 341 1658 ‘Qua
389 1607 652 1665 verecundia
714 1608 769 1650 de
814 1608 976 1651 Roscio
1026 1614 1197 1651 mortuo
1243 1608 1415 1651 locutus
1462 1609 1532 1660 sit,
1586 1607 1854 1663 intellegitur
1913 1622 1967 1649 ex
2015 1622 2075 1649 or.
2128 1622 2207 1664 pro

240 1676 369 1719 Arch.
403 1677 442 1728 8,
477 1678 557 1721 17:
592 1680 717 1738 „quis
748 1686 944 1722 nostrum
977 1685 1065 1722 tam
1097 1679 1243 1723 animo
1274 1680 1436 1736 agresti
1467 1695 1517 1722 ac
1548 1678 1659 1721 duro
1690 1679 1784 1731 fuit,
1817 1684 1866 1721 ut
1883 1677 2031 1721 Roscii
2066 1693 2208 1735 nuper

193 1785 217 1808 ’.ἲ
238 1752 376 1790 morte
408 1762 495 1806 non
527 1752 910 1794 commoveretur?
941 1751 1128 1809 quicum
1146 1755 1261 1794 esset
1293 1764 1426 1792 senex
1459 1756 1667 1803 mortuus,
1699 1756 1840 1792 tamen
1870 1755 2049 1806 propter
2064 1749 2207 1790 excel—

237 1816 397 1860 lentem
429 1825 567 1863 artem
616 1835 667 1863 ac
701 1827 970 1864 venustatem
1021 1820 1251 1863 videbatur
1297 1821 1474 1863 omnino
1507 1822 1614 1863 mori
1662 1835 1749 1862 non
1792 1815 2033 1862 debuisse«.
2083 1819 2207 1861 Artis

205 1931 210 1933 .
238 1887 372 1943 igitur
398 1890 701 1946 magnitudine
732 1897 821 1933 tam
853 1891 1142 1934 inflammatus
1173 1897 1305 1950 atque
1336 1892 1539 1934 incensus
1570 1896 1675 1943 erat,
1715 1896 1763 1932 ut
1793 1890 1831 1932 ei
1865 1890 1953 1933 vim
1986 1889 2205 1947 quandam

194 1951 455 2007 Jr-fssaetei-nam
489 1961 680 2003 tribuere
713 1976 798 2004 non
832 1961 1065 2005 dubitaret.
1097 1961 1262 2005 Eodem
1293 1963 1504 2006 Cicerone
1535 1967 1710 2004 auctore
1743 1964 1843 2018 (pro
1862 1959 1913 2003 R.
1945 1975 2053 2003 com.
2083 1975 2118 2003 c.
2139 1961 2207 2013 10)

190 2029 507 2088 2'²compertum
539 2030 749 2075 habemus
784 2032 990 2076 Roscium
1021 2032 1278 2092 discipulos,
1310 2039 1359 2075 ut
1389 2032 1558 2075 Erotim
1591 2037 1636 2079 et
1666 2031 1916 2088 Panurgum
1954 2032 1998 2072 in
2031 2030 2206 2072 domum

197 2093 217 2153 ἶ
238 2104 284 2142 et
313 2101 356 2143 in
389 2102 667 2175 disciplinam
699 2119 826 2149 suam
853 2106 1069 2162 recepisse
1112 2111 1254 2163 atque,
1285 2107 1328 2147 in
1378 2111 1542 2162 quanto
1588 2105 1750 2146 honore
1783 2103 1970 2146 Roscius
2002 2102 2209 2158 magister

196 2166 420 2229 ‘feiusque
451 2157 661 2231 discipuli
688 2175 807 2231 apud
839 2175 1049 2232 populum
1081 2176 1225 2233 ipsum
1255 2175 1430 2227 fuerint,
1463 2174 1615 2217 eodem
1631 2175 1728 2216 loco
1761 2188 1916 2228 magno
1947 2187 2043 2214 cum
2062 2171 2209 2213 studio

209 2240 455 2293 {iniusti-at:
486 2243 630 2297 Quem
647 2243 834 2288 Roscius
865 2246 1125 2299 excoluerat,
1158 2246 1206 2298 is,
1239 2251 1288 2291 ut
1323 2260 1376 2288 ex
1409 2244 1491 2288 hoc
1523 2244 1618 2287 loco
1652 2243 1840 2302 perspici
1872 2248 2030 2301 potest,
2077 2242 2208 2285 bene-

197 2307 340 2373 &vose
375 2328 402 2356 a
433 2314 733 2371 spectantibus
777 2316 1085 2372 accipiebatur,
1130 2331 1229 2358 cum
1260 2313 1311 2367 is,
1361 2316 1434 2374 qui
1468 2330 1492 2357 e
1523 2315 1674 2356 schola
1720 2314 1924 2355 mediocri
1974 2312 2209 2369 prodierat,

200 2387 215 2433 ς’
234 2378 481 2446 ‘vituperari
515 2385 586 2428 vel
617 2386 748 2429 etiam
781 2401 804 2428 e
838 2401 967 2429 scena
997 2386 1137 2430 sibilis
1168 2385 1349 2444 explodi
1380 2391 1542 2444 posset.
1573 2384 1692 2427 Nec
1682 2384 1757 2426 alii
1789 2384 1871 2426 nisi
1896 2382 2053 2425 Roscio
2084 2381 2209 2424 licuit

198 2461 316 2496 {taut
347 2456 493 2499 animo
522 2462 599 2499 aut
629 2472 811 2515 corpore
841 2458 1059 2501 interdum
1091 2457 1321 2501 remissum
1351 2472 1474 2511 esse;
1506 2459 1562 2500 ci.
1593 2455 1684 2499 Cic.
1717 2454 1769 2515 de
1803 2464 1908 2498 orat.
1929 2453 1964 2506 I,
1997 2454 2064 2496 27.
2098 2452 2208 2495 124:

197 2525 413 2584 {elnoluit'
444 2526 652 2585 inquiunt
682 2528 825 2572 ‘hodie
857 2543 984 2587 agere
1015 2528 1204 2572 Roscius
1235 2534 1311 2571 aut
1340 2527 1518 2570 crudior
1547 2526 1657 2568 fuit’.
1690 2524 1861 2568 Deinde
1893 2529 2064 2581 praeter
2095 2523 2208 2565 Ros-

261 2596 354 2656 ¹ium
387 2588 612 2655 Aesopum
645 2599 689 2642 in
722 2600 923 2656 partibus
949 2600 1125 2656 tragicis
1172 2598 1352 2654 agendis
1384 2599 1569 2640 maxime
1614 2602 1833 2639 versatum
1867 2595 2003 2637 fuisse
2035 2593 2210 2636 Plutar-

257 2671 348 2717 -ltus
381 2673 466 2725 vit.
491 2673 581 2721 Cic.
612 2690 647 2718 c.
678 2676 707 2719 5
737 2673 934 2720 testatur.
966 2677 1122 2720 Cicero
1154 2691 1250 2719 eum
1297 2690 1392 2732 ipro
1423 2673 1568 2717 Sestio
1599 2672 1806 2728 56:120)
1856 2685 2071 2714 summum
2104 2670 2210 2712 arti-

194 2747 372 2822 „ficem
391 2749 613 2809 appellat;
645 2751 750 2796 ibid.
765 2752 836 2806 58,
870 2752 967 2806 123,
997 2752 1053 2800 de
1083 2752 1194 2806 or.I,
1225 2752 1294 2805 61,
1317 2751 1404 2795 259
1434 2749 1586 2794 laudat
1616 2764 1768 2793 vocem
1800 2748 1895 2791 eius
1930 2747 2211 2806 praeclaram,

386 2881 413 2928 ¹)
439 2883 542 2926 Quod
567 2883 688 2930 populi
712 2882 757 2920 de
782 2885 848 2920 hae
872 2897 909 2921 re
930 2884 1115 2929 iudicium,
1140 2889 1179 2920 ut
1204 2883 1323 2930 paucis
1347 2883 1528 2929 attingam,
1554 2882 1625 2917 iam
1648 2881 1710 2916 illa
1733 2885 1846 2916 aetate
1871 2879 2032 2915 homines
2057 2879 2210 2914 maxime

239 2942 470 2979 eo·deloeta.ri
493 2949 695 2989 coeperunt,
721 2944 815 2988 quod
840 2944 979 2978 illorum
1005 2947 1183 2989 poetarum
1208 2944 1582 2987 praestantissimorum
1607 2943 1742 2977 fabula-s
1756 2941 1911 2975 maximo
1935 2952 2016 2974 cum
2040 2946 2208 2984 appas-atu

240 3006 347 3051 atque
371 3014 502 3049 pompa
524 3003 562 3037 in
587 3015 691 3038 scena
727 3003 887 3039 inductas
914 3005 1127 3050 spectabant.
1169 3003 1449 3047 Frequentabant
1472 3002 1567 3038 enim
1592 3004 1728 3037 theatra
1765 3012 1834 3035 non
1861 3005 1932 3034 tam
1959 2998 2126 3042 discendi,
2152 2997 2212 3033 sed

231 3057 358 3107 :petius
381 3062 559 3107 spectandi
584 3062 701 3097 studio
724 3064 900 3099 commoti.
