2461 3690
238 483 392 534 buerit,
423 498 510 525 non
543 489 621 534 est,
653 498 731 525 cur
761 483 980 535 miremur,
1012 481 1130 539 quod
1164 487 1351 540 poetam,
1397 484 1559 541 quippe
1603 483 1679 541 qui
1710 481 1892 527 ‘ferendi
1923 457 2105 535 dolori}

238 552 515 596 suetudinem
548 567 643 595 esse
676 567 762 595 non
795 551 1159 611 contemnendam
1192 553 1460 612 magistram'
1499 559 1586 596 tam
1622 554 1731 596 bene
1763 553 2041 606 intellexerit,
2060 551 2154 613 θοᾷ

237 624 368 666 '.I*usc
401 624 515 680 disp.
548 624 643 666 loco
676 623 968 680 ‘prudentem'
999 609 1174 681 apellat.
1207 623 1320 666 Item
1353 624 1410 678 ‘in
1431 625 1635 667 extremis
1656 622 1855 682 Niptris',
1888 609 2230 687 quaeleguntuf,

239 694 289 736 ir.
323 693 400 742 X:
1795 708 1798 711 ·

582 765 805 822 Conqueri
837 765 1056 809 fortunam
1091 765 1338 820 advorsam,
1371 781 1457 810 non
1491 767 1719 810 lamentari
1752 767 1877 811 decet

582 836 636 880 Id
671 836 753 880 viri
787 844 855 881 est
885 838 1088 890 officium,
1124 836 1250 881 fletus
1284 837 1484 884 muliebri
1517 838 1692 896 ingenio
1724 837 1949 896 additu'st,

236 936 333 964 cum
368 921 624 980 patientiam
674 921 969 980 virtutemque
1014 936 1115 964 vere
1165 921 1407 966 Romanam
1456 923 1771 976 commendent,
1814 938 1839 967 a
1871 923 2067 968 Pacuvio
2115 907 2388 984 benesssjg-sss}

237 993 355 1035 dicta
386 1009 482 1036 esse
515 993 670 1036 Cicero
706 994 869 1037 sentire
902 994 1091 1037 videtur.

379 1076 621 1132 Antiopam
655 1075 788 1119 Ennii
822 1076 1007 1120 Medeae
1042 1083 1086 1120 et
1120 1077 1451 1123 Andromachae
1482 1093 1629 1136 parem
1675 1093 1770 1122 esse
1801 1079 2083 1133 existimavit,
2126 1092 2224 1123 cum

238 1146 292 1189 de
325 1148 396 1189 fin.
428 1146 464 1199 Ι,
498 1147 538 1199 2,
568 1147 597 1189 4
631 1152 675 1188 et
707 1146 761 1190 de
792 1154 880 1205 opt.
912 1163 1009 1205 gen.
1043 1163 1103 1191 or.
1138 1149 1176 1192 6.
1213 1149 1266 1191 18
1299 1148 1417 1192 illam
1449 1148 1641 1192 fabulam
1676 1164 1761 1192 una
1792 1164 1890 1193 cum
1918 1149 1987 1194 his
2019 1151 2223 1200 nominet.
2258 1158 2274 1198 g·
2304 1165 2313 1193 ῖ-

239 1220 306 1259 Ac
338 1218 526 1261 maxime
564 1218 741 1278 quidem
773 1218 1073 1262 celleberrima
1105 1219 1182 1261 illa
1214 1220 1397 1264 fratrum
1430 1220 1555 1262 Zethi
1589 1227 1632 1263 et·
1664 1220 1928 1285 Amphionis
1967 1221 2222 1278 disputatio,
2284 1268 2292 1272 ‚

238 1289 352 1331 circa
384 1305 515 1346 quam
548 1296 689 1333 totum
721 1290 895 1333 tabulae
927 1297 1230 1346 argumentum
1264 1291 1378 1334 verti
1408 1289 1594 1345 videtur,
1626 1290 1882 1335 Ciceronem
1901 1285 2103 1336 delectat
2136 1290 2239 1335 Ne-'
2294 1287 2302 1291 ’

238 1376 322 1418 que
354 1376 451 1403 eum
486 1361 652 1418 effugit,
701 1362 943 1405 Pacuvium
994 1361 1233 1408 secuudum
1266 1361 1525 1421 Euripidem
1570 1365 1728 1405 tratres
1776 1362 2020 1405 studiorum
2052 1368 2225 1407 contra·
2282 1382 2404 1413 ,22:15

238 1431 401 1474 riorum
435 1432 920 1492 patronobxinduxisse,
956 1434 1017 1477 ita
1050 1440 1261 1477 uteorum
1296 1434 1437 1486 rebus,
1470 1433 1544 1493 qui
1563 1432 1673 1475 nihil
1705 1431 1823 1475 aliud
1842 1432 2063 1490 petebant,
2094 1425 2225 1492 quam
2282 1433 2285 1434 ⁷

240 1509 287 1544 ut
318 1503 490 1545 civitati
525 1503 636 1545 bene
670 1504 899 1555 servirent,
930 1504 1094 1546 Zethus
1129 1504 1406 1561 patrocinari,
1438 1504 1533 1546 vice
1563 1509 1707 1546 autem
1728 1504 1954 1556 artificum,
1984 1508 2245 1561 poetarum,-

242 1573 605 1630 philosophorum
641 1573 837 1631 Amphio
869 1574 992 1630 iungi
1027 1580 1217 1631 putetur.
1266 1575 1417 1633 Atque
1448 1589 1501 1616 ex
1533 1574 1653 1626 locis,
1702 1574 1861 1632 quibus
1904 1575 2016 1618 hanc
2050 1580 2226 1618 contro·
2313 1580 2374 1640 fif·

241 1645 432 1687 versiam'
461 1645 615 1701 tangit,
652 1644 706 1687 de
738 1651 847 1688 orat.
879 1644 941 1697 ΙΙ,
973 1645 1042 1688 37.
1079 1646 1175 1698 155,
1207 1646 1262 1688 de
1294 1644 1462 1703 republ.
1493 1644 1531 1695 Ι,
1566 1645 1631 1687 18.
1662 1645 1732 1697 30,
1776 1644 1829 1687 de
1880 1645 1968 1687 inv.
1998 1644 2035 1697 Ι,
2065 1646 2132 1698 50,
2167 1646 2225 1687 94
2278 1649 2280 1652 ’
2391 1660 2418 1717 υἱ

241 1715 347 1756 mihi
376 1715 554 1772 quidem
586 1715 695 1757 nihil
730 1715 853 1758 aliud
886 1715 1046 1771 conligi
1081 1716 1267 1767 videtur,
1300 1731 1429 1774 quam
1464 1716 1716 1758 Ciceronem
1750 1715 1808 1767 id,
1835 1715 1992 1773 dequo
2024 1715 2079 1758 lis
2098 1722 2226 1768 esset,

241 1786 323 1839 vel,
357 1785 463 1844 quid
488 1787 603 1830 inter
634 1786 758 1830 Zethi
792 1792 836 1830 et
860 1785 1125 1844 Amphionis
1157 1792 1439 1830 controversa
1457 1785 1602 1830 studia
1639 1785 1937 1838 intercederet,
1973 1786 2080 1829 satis
2098 1801 2225 1830 accu-

240 1865 332 1901 rat-e
367 1858 659 1915 perspexisse,
705 1859 765 1901 ita
800 1865 858 1910 ut,
904 1858 946 1899 id
982 1858 1099 1916 quod
1130 1858 1391 1902 Cornificius
1423 1859 1482 1906 ‚in
1515 1857 1692 1901 Rhetor.
1737 1859 1805 1900 ad.
1839 1857 2031 1900 Herenn.
2061 1857 2126 1910 II,
2158 1859 2227 1911 27,

239 1931 298 1972 42
329 1929 519 1972 affirmat
549 1929 701 1982 „Zethi
734 1935 778 1972 et
809 1929 1078 1987 Amphionis
1130 1929 1488 1982 controversiam,
1533 1944 1629 1972 cum
1663 1928 1717 1972 de
1749 1929 1915 1972 musica
1946 1927 2126 1972 inducta
2156 1929 2225 1983 sit,

241 1999 282 2041 in
318 2000 558 2057 sapientiae
592 2000 806 2043 rationem
839 2007 882 2043 et
916 2000 1095 2043 virtutis
1129 2000 1363 2043 utilitatem
1396 2001 1715 2043 consummari“
1766 2000 1860 2057 ipse
1892 2014 2067 2058 quoque
2098 1999 2227 2057 plane

240 2086 498 2128 persuasum
531 2071 747 2114 habuerit.
780 2070 983 2128 Namque
1016 2086 1114 2113 cum
1147 2070 1331 2113 Zethum
1359 2071 1515 2124 „nimis
1546 2071 1770 2114 inimicum
1803 2070 2052 2114 doctrinae“
2081 2085 2131 2113 ac
2157 2085 2226 2113 sa-

241 2143 432 2200 pientiae
464 2143 659 2201 appellet
692 2149 736 2185 et
768 2143 1067 2200 Amphionem
1101 2141 1158 2194 id,
1189 2141 1244 2185 de
1276 2157 1363 2201 quo
1395 2141 1450 2185 lis
1483 2147 1561 2194 est,
1594 2156 1703 2194 „non
1722 2140 1965 2195 defendere,
1997 2141 2074 2184 sed
2107 2142 2225 2185 vitu-

242 2221 394 2272 perata
444 2215 610 2257 musica
659 2214 918 2272 sapientiam
970 2212 1174 2256 laudare“
1218 2212 1349 2266 dicat,
1396 2213 1514 2255 illam
1550 2213 1679 2255 nimis
1730 2212 1926 2255 studiose
1970 2213 2226 2270 disputandi

242 2286 468 2333 rationem,
502 2301 588 2342 qua
621 2291 852 2342 utrumque
886 2286 1063 2327 fratrem
1099 2284 1154 2327 ad
1188 2284 1335 2327 studia
1367 2300 1446 2327 sua
1479 2284 1637 2326 acriter
1667 2283 1939 2327 defendenda
1973 2299 2097 2327 usum
2131 2299 2227 2330 esse

244 2356 465 2398 Pacuvius
498 2355 581 2398 sibi
616 2356 755 2408 fiuxit,
787 2355 902 2399 haud
938 2355 1050 2399 male
1068 2356 1317 2414 percepisse
1349 2353 1538 2400 videtur.
1571 2355 1706 2408 Quod
1725 2355 1860 2412 igitur
1877 2355 2224 2414 Schollmeyerus
2276 2371 2280 2374 ¹
2339 2331 2377 2375 ³²³²

241 2443 282 2486 p.
322 2427 372 2470 18
406 2427 476 2469 his
509 2426 736 2470 Ciceronis
770 2427 917 2471 verbis
952 2427 1122 2470 illarum
1151 2427 1336 2470 Pacuvii
1368 2441 1654 2484 personarum
1677 2426 2057 2484 reprehensionem
2088 2441 2226 2485 quan-

239 2499 338 2541 dam
373 2500 519 2541 inesse.
552 2500 790 2552 contendit,
841 2499 1040 2556 equidem
1076 2498 1193 2541 haud
1226 2499 1353 2541 facile
1386 2498 1678 2556 probaverim,
1727 2498 1984 2556 praesertim
2031 2513 2127 2543 cum
2159 2496 2228 2541 his

240 2572 348 2615 locis
381 2571 435 2614 de
468 2571 557 2615 illis
589 2570 800 2614 iratribus
832 2585 918 2613 non
955 2570 1163 2614 iudicium
1214 2566 1435 2629 quoddain
1481 2576 1680 2628 apertum
1711 2570 1855 2622 iaciat,
1901 2569 1977 2612 sed
2006 2569 2109 2614 villas
2140 2575 2228 2612 tra-

238 2643 359 2700 gicas
393 2657 604 2700 personas
636 2642 940 2685 tantummodo
973 2643 1099 2701 quasi
1123 2642 1323 2699 exempla
1353 2656 1403 2684 ac
1434 2647 1568 2683 testes
1613 2640 1667 2683 ad
1701 2641 1952 2698 opinionem
1996 2656 2118 2684 suam
2152 2635 2227 2683 de-

240 2713 490 2757 clarandam
522 2713 741 2756 adhibeat.
794 2713 949 2771 Neque
980 2712 1038 2766 id,
1083 2712 1200 2771 quod
1234 2711 1389 2757 Cicero
1425 2711 1719 2770 Amphionem
1763 2710 2021 2755 ‘obscurius'
2052 2712 2228 2770 testitu-

240 2787 387 2829 dinem
422 2785 708 2844 descripsisse
741 2784 861 2838 dicit,
895 2784 1001 2829 mihi
1038 2791 1206 2829 tantum
1240 2785 1493 2843 scrupulum
1527 2785 1662 2838 inicit,
1697 2790 1745 2828 ut
1776 2800 1873 2827 cum
1902 2782 2227 2841 Schollmeyero

242 2858 318 2900 illa
351 2872 457 2901 voce
489 2856 752 2899 ‘obscurius’
786 2857 1153 2914 vituperationem
1186 2858 1380 2916 aliquam
1417 2873 1442 2900 a
1474 2857 1685 2900 Cicerone
1733 2856 1917 2899 indicari
1953 2854 2228 2898 contendam.

242 2930 338 2972 Illis
371 2930 485 2971 enim
519 2929 680 2981 verbis,
717 2929 876 2985 quibus
908 2929 962 2971 de
984 2928 1072 2972 div.
1091 2928 1154 2981 Π,
1185 2930 1254 2980 64,
1279 2929 1362 2971 133
1397 2929 1546 2980 utitur,
1575 2943 1700 2981 „nam
1720 2927 1999 2972 Pacuvianus
2032 2924 2228 2983 Amphio

241 3015 338 3042 cum
373 2999 559 3042 dixisset
592 3000 860 3051 obscurius“,
908 3014 970 3051 ea,
1021 3015 1132 3057 quae
1165 3000 1294 3042 hodie
1326 3001 1377 3042 tr.
1409 2999 1521 3054 IV¹)
1573 3005 1759 3050 exstant,
1807 2997 2063 3055 aenigmatis
2110 3011 2229 3039 more

389 3123 412 3167 ¹)
439 3122 647 3167 Quadrupes
673 3121 869 3166 tardigrada
894 3120 1038 3166 agrestis
1066 3120 1207 3156 humilis
1232 3131 1364 3166 aspera,

448 3182 554 3217 Brevi
582 3182 706 3227 eapite,
732 3180 1053 3226 cervioeanguina‚
1079 3185 1222 3225 aspectu
1247 3180 1347 3222 truci,

452 3242 655 3277 Eviscerata
680 3241 839 3276 inanima
862 3253 941 3276 cum
970 3239 1114 3275 animali
1140 3251 1234 3275 sono.
