2461 3690
136 272 145 275 ¹
209 248 449 331 inveniri,
477 256 608 331 quam
633 270 922 317 immodicus
934 272 1008 317 ille
1032 272 1227 334 patriae
1237 262 1395 326 amor,
1407 280 1524 335 quo,
1531 260 1656 341 ‘qm
1958 321 1962 325 ,

244 343 454 402 operibus
480 343 611 386 aliter
644 331 840 397 sentiret,
870 359 1001 405 quam
1033 343 1211 397 diecret,
1240 358 1303 387 ex
1326 343 1444 387 oinni
1478 343 1611 402 parte
1623 326 1892 403 prohibitus
1973 389 1975 391 .
2010 391 2040 400 Α,

201 428 206 432 ·
246 412 375 469 nibus
406 413 526 469 illius
559 414 717 457 aetatis
750 413 1016 467 hominibus,
1046 414 1122 473 qui
1152 413 1313 469 litteris
1342 413 1520 459 eruditi
1536 419 1674 468 erant,-
1716 413 1783 459 ita
1808 403 1988 475 quoqne
2013 408 2074 460 C‘

247 485 470 532 Romanos
503 486 546 528 in
567 485 771 531 omnibus
803 485 1047 529 litterarum
1078 485 1325 544 artiumque
1355 484 1589 542 generibus
1619 500 1646 529 a
1677 482 1860 536 Graecis
1874 479 2110 549 pendere

244 556 519 614 exploratum
557 561 661 598 erat.
692 554 791 598 Jam
823 570 920 598 eum
954 556 1088 599 nimia
1118 555 1173 599 de
1204 571 1251 599 se
1289 557 1385 618 ipso
1416 556 1624 612 opinione
1656 555 1837 611 ductum
1868 556 2118 609 se‘Demosi

245 627 497 686 eloquentia
529 627 601 670 vel
635 626 826 670 Platoni
861 626 1147 686 philosophia
1191 633 1415 685 praestare
1461 626 1691 686 putavisse
1720 627 1849 672 facile
1893 621 2063 675 nomed
2148 684 2153 688 Ρ

245 704 338 752 est;
373 703 525 740 contra
557 712 644 740 non
679 703 747 740 est
777 697 1130 741 obliviscendum
1163 696 1419 742 Ciceronem
1451 697 1506 742 de
1538 697 1743 742 omnibus
1774 698 1852 753 eis,
1891 712 2003 758 quae
2033 688 2223 744 Romam

245 769 572 827 praestitissent
603 769 674 812 vel
705 769 1015 821 excoluissent,
1045 769 1138 812 miti
1173 769 1383 826 mollique
1414 769 1577 813 iudicio
1607 776 1938 827 perseveranter
1969 780 2095 812 usum
2115 760 2213 819 esse

245 839 534 897 Popula-rium
566 839 681 882 enim
717 854 894 882 suorum
928 854 1072 897 opera,
1119 840 1374 897 praesertim
1424 840 1461 882 si
1494 855 1544 883 ea
1575 855 1673 883 oum
1706 839 1890 884 Graecis
1936 828 2246 900 eompamulss',

245 925 343 956 eum
375 910 582 953 laudibus
605 925 761 954 ornare
791 916 923 968 atque
940 925 1100 968 augere
1129 926 1352 969 nunquam
1385 911 1632 969 neglexisse.
1663 925 1797 969 supra
1813 909 2019 962 vidimus,
2049 908 2246 963 etiamsi:

247 997 347 1024 eum
379 980 434 1023 ad
470 980 740 1024 Graecorum
773 981 943 1024 litteras
974 997 1133 1061 magno
1165 997 1262 1025 cum
1294 981 1442 1025 studio
1474 982 1731 1026 accubuisse
1762 981 1909 1038 negari
1943 995 2029 1023 non
2062 980 2242 1039 potesta*

219 1043 387 1095 ‘Immo
421 1066 525 1094 vero
573 1050 772 1109 equidem
823 1066 920 1095 eum
954 1051 1028 1095 illa
1060 1052 1158 1110 ipsa
1191 1052 1465 1096 humanitate
1512 1058 1644 1109 atque
1688 1057 1918 1096 venustate
1950 1040 2245 1110 Graeeorum'}

244 1121 438 1180 propria,
485 1136 616 1179 quam
648 1121 731 1164 sibi
765 1127 986 1179 tamquam
1020 1122 1213 1165 innatam
1261 1136 1357 1165 esse
1389 1121 1507 1166 haud
1539 1137 1636 1165 raro
1668 1108 1908 1180 profitetur,
1954 1122 2231 1179 commotum:

244 1198 333 1236 tam
362 1192 471 1235 bene
517 1197 650 1252 atque
681 1191 915 1235 clementer
968 1191 1021 1235 de
1053 1192 1351 1236 Romanorum
1389 1193 1547 1237 litteris
1595 1193 1850 1258 artibusque
1880 1193 2070 1237 sensisse
2110 1188 2219 1246 con-

244 1263 471 1306 tenderim.
503 1262 677 1306 Deinde
709 1264 866 1308 mirum
899 1263 1039 1306 videri
1074 1279 1159 1305 non
1192 1263 1337 1316 debet,
1390 1263 1507 1321 quod
1540 1263 1710 1316 Cicero,
1756 1279 1842 1321 quo
1875 1265 2042 1321 patriae
2073 1257 2222 1321 amore

244 1339 339 1380 erat
370 1339 621 1393 quantaque
652 1333 833 1392 operum
866 1349 1045 1377 suorum
1063 1334 1192 1378 laude
1222 1334 1416 1388 florebat,
1448 1334 1493 1378 id
1512 1335 1699 1378 maxime
1729 1333 1900 1392 agebat,
1931 1341 1980 1378 ut
1998 1319 2243 1391 Romanos·

245 1404 302 1451 ad
334 1405 504 1448 litteras
537 1410 581 1447 et
611 1410 727 1448 artes
759 1405 966 1449 colendas
986 1404 1225 1449 identidem
1253 1406 1465 1449 excitaret
1494 1420 1730 1464 eorumque
1762 1406 1932 1449 animos
1949 1404 2218 1470 Graecorum
2233 1415 2245 1420 ²

245 1476 569 1534 exemplaribus
618 1476 700 1520 sub
732 1477 871 1520 oculis
903 1478 1062 1534 positis
1094 1483 1316 1535 tamquam
1361 1476 1418 1521 ad
1462 1492 1509 1520 se
1543 1478 1664 1535 ipsos
1695 1476 1943 1521 advocaret.
2004 1476 2153 1529 Tum,
2164 1460 2225 1519 ut

245 1561 378 1605 supra
409 1546 616 1600 vidimuS,
664 1546 742 1590 illa
773 1553 914 1591 aetate
960 1549 1149 1599 luerunt,
1197 1548 1272 1607 qui
1321 1547 1591 1592 Graecorum
1639 1547 1826 1607 linguae,
1873 1547 1982 1590 artis
2013 1546 2223 1604 poeticae,
2301 1533 2310 1541 ¹

244 1618 552 1677 philosophiae
584 1620 715 1662 nimis
748 1617 936 1661 studiosi
968 1625 1142 1671 essent3
1190 1633 1376 1677 quorum
1408 1619 1607 1677 opinioni
1652 1633 1679 1661 a
1710 1617 1877 1677 patriae
1919 1631 2067 1661 amore
2116 1617 2228 1660 alie*
2255 1625 2308 1650 ‘2-

245 1691 452 1735 nissimae
484 1690 600 1747 quod
636 1690 792 1733 Cicero
825 1703 999 1731 sensum
1035 1690 1156 1732 illum
1190 1704 1292 1732 vere
1325 1689 1584 1742 Romanum,
1615 1690 1691 1748 qui
1709 1688 2009 1749 Romanorum
2040 1702 2223 1746 operum

244 1762 451 1818 proprius
483 1768 588 1813 erat,
635 1761 826 1804 maximo
876 1776 973 1803 cum
1008 1761 1156 1803 studio
1189 1775 1412 1819 opponere
1461 1775 1547 1803 non
1580 1760 1763 1813 destitit,
1808 1760 1846 1802 ei
1880 1773 2073 1803 summae
2103 1754 2224 1801 laudi

244 1832 379 1875 tribui
411 1831 568 1876 debere
600 1831 729 1875 facile
760 1838 956 1890 apparet.
987 1831 1261 1890 Tragoedias
1293 1838 1440 1876 autem
1472 1833 1558 1891 ipsi
1592 1831 1815 1875 Romanae
1854 1845 1951 1874 cum
1987 1830 2228 1890 praecipue
2288 1862 2292 1875 -,

246 1912 423 1947 sensum
456 1903 579 1946 illum
612 1918 715 1947 vere
747 1903 996 1947 Romanum
1038 1904 1109 1947 vel
1143 1904 1441 1948 Romanorum
1488 1903 1666 1962 ingenio
1714 1918 1765 1946 ac
1795 1902 1992 1946 moribus
2040 1902 2226 1950 maxime
2298 1951 2301 1952 ⁷

244 1974 621 2020 accommodatum
654 1976 797 2019 inesse
829 1990 884 2018 ex
915 1976 991 2029 eis,
1023 1991 1134 2034 quae
1153 1974 1493 2034 disputavimus,
1523 1975 1631 2019 satis
1661 1990 1878 2033 superque
1909 1974 2092 2027 eluceat,
2123 1973 2225 2018 inde
2277 1973 2313 2022 ’,ἓ

246 2060 432 2103 quoque.
451 2061 627 2089 causam
678 2045 958 2103 repetendam
1005 2061 1102 2089 esse
1133 2045 1396 2103 putaverim,
1442 2061 1523 2088 cur
1553 2044 1853 2089 Romanorum
1901 2043 2152 2102 tragoediae
2182 2049 2227 2089 et
2263 2039 2266 2041 v

245 2118 329 2161 arti
362 2118 554 2175 tragicae
585 2117 834 2161 histrionali
868 2124 957 2161 tam
989 2120 1154 2161 amicus
1187 2118 1332 2161 fuerit.
1371 2117 1606 2161 Praeterea
1637 2133 1723 2161 nou
1756 2115 1953 2160 nihillad
1986 2115 2098 2159 hanc
2130 2127 2220 2160 rem
2255 2137 2258 2139 ·

244 2189 492 2235 accuratius
524 2188 866 2232 confirmandam
899 2188 943 2233 id
975 2189 1118 2232 facere
1153 2188 1339 2242 videtur,
1371 2188 1489 2246 quod
1522 2189 1711 2241 omnino,
1743 2203 1820 2231 cur
1850 2187 1905 2230 de
1930 2193 2022 2230 arte
2055 2180 2259 2244 Ρειόιὶειιι)ί
2295 2226 2309 2246 3

247 2259 519 2317 singulisque
552 2260 695 2318 poetis
741 2267 903 2303 temere
934 2259 1127 2303 iudicare
1174 2259 1386 2313 debuerit,
1435 2274 1566 2303 causa
1614 2258 1858 2318 probabilis
1899 2257 2106 2307 inveniri,
2137 2272 2309 2300 non

248 2337 406 2388 potest.
457 2331 659 2388 Namque
692 2346 789 2374 cum
821 2347 848 2374 a
878 2330 1012 2376 rebus,
1042 2331 1226 2389 poeticis
1259 2329 1557 2374 diiudicandis
1604 2346 1691 2373 non
1724 2336 1812 2373 tam
1857 2344 1997 2387 prope
2042 2328 2229 2381 abesset,
2286 2322 2309 2377 J

246 2416 377 2459 quam
408 2416 434 2445 a
465 2402 661 2461 reliquis,
693 2402 854 2460 quibus
887 2402 982 2461 ipse
1014 2401 1190 2446 deditus
1223 2407 1327 2456 erat,
1362 2401 1605 2445 litterarum
1636 2399 1883 2459 generibus,
1932 2401 2016 2443 iam
2049 2398 2105 2442 de
2137 2396 2266 2451 illis*
2296 2412 2308 2417 '⁴

241 2474 453 2532 aequiore
501 2474 659 2527 animo,
711 2488 840 2533 quam
890 2473 944 2516 de
992 2474 1061 2516 his
1086 2472 1269 2519 iudicia
1316 2487 1394 2516 sua
1441 2473 1668 2531 concipere
1714 2472 1911 2531 potuisse
1965 2470 2227 2536 contendere
2280 2507 2301 2515 ,,

245 2561 491 2604 possumus

386 2643 450 2685 At
480 2642 607 2685 facile
639 2643 746 2686 mihi
779 2643 999 2701 quispiam
1044 2648 1241 2700 opponat
1273 2642 1358 2686 sibi
1404 2641 1561 2684 mirum
1593 2640 1749 2693 videri,
1797 2656 1876 2684 cur
1906 2639 2076 2690 Cicero,
2125 2651 2224 2680 cum
2278 2663 2288 2693 33
2302 2672 2312 2703 J
2377 2656 2390 2663 ·

244 2711 544 2755 Romanorum
577 2714 746 2771 patriae
795 2728 1033 2774 eorumque
1063 2713 1308 2765 litterarum
1342 2717 1448 2755 tam
1479 2726 1631 2756 amans
1663 2716 1791 2766 esset,
1836 2716 1855 2753 t
1871 2726 1893 2753 r
1909 2725 1934 2754 a
1949 2725 1979 2768 g
1996 2724 2022 2754 o
2039 2724 2063 2752 e
2079 2707 2140 2751 d
2127 2723 2141 2750 ι
2159 2721 2186 2751 8
2200 2718 2226 2750 e

243 2791 722 2841 praetextatae,
783 2802 808 2843 q
832 2802 959 2828 uam
1011 2802 1080 2828 ex
1128 2787 1319 2842 ingen
1343 2788 1398 2827 io
1463 2784 1879 2826 Romanorum
1941 2783 2226 2841 ipsorum
2294 2791 2298 2793 “

244 2856 543 2915 prolecta
564 2873 605 2900 m
655 2873 794 2902 esse
838 2874 862 2902 e
883 2863 1121 2910 onst-at,
1169 2873 1223 2902 ne
1257 2872 1343 2901 uno
1375 2855 1551 2915 quidem
1586 2854 1681 2899 loco
1721 2859 1871 2912 aperte
1901 2859 2034 2913 atque
2065 2844 2227 2896 diserte

243 2928 508 2972 mentionem
556 2929 717 2972 faciat:
769 2944 865 2974 cum
900 2935 1043 2973 tamen
1092 2935 1244 2973 contra
1287 2927 1388 2972 illos
1420 2925 1664 2986 disputans,
1715 2926 1791 2986 qui
1834 2924 1993 2987 litteris
2043 2923 2226 2969 Graecis
2274 2924 2300 2965 ’ς’

244 3008 480 3065 praecipue
514 3007 805 3064 indulgerent,
850 3009 932 3051 hoo
964 3013 1266 3064 argumentum
1301 3008 1529 3063 neglegere
1562 3020 1647 3048 non
1684 3005 1873 3049 deberet.
1919 3005 2078 3062 Neque
2109 3004 2226 3047 ullus

242 3084 365 3127 locus
398 3084 634 3138 invenitur,
681 3100 768 3143 quo
800 3085 975 3128 fabulae
1021 3091 1321 3143 praetextatae
1353 3084 1565 3141 originem
1612 3083 1668 3126 ab
1702 3083 1877 3140 ingenio
1929 3084 2025 3140 ipso
2074 3080 2227 3139 populi
