2461 3743
461 406 465 411 p
564 359 677 404 ttae
692 341 910 398 litteram
922 360 1212 412 postremam
1237 354 1505 407 detrahendi,
1554 362 1602 398 ut
1645 355 1778 399 Ennii
1829 355 1965 398 illud:
2013 356 2112 412 „qui
2143 362 2211 398 est.

514 419 713 495 inceps&
723 434 804 482 pro
834 423 1095 477 „omnibus“
1120 424 1204 467 Oi(
1195 439 1280 468 ero
1311 425 1361 467 eo
1393 425 1623 468 defendere
1655 425 1813 476 studet,
1846 412 1961 481 quod
1996 425 2102 467 talia
2133 425 2209 467 illo

448 506 600 552 mpore
648 508 734 538 non
767 501 858 543 tam
888 495 1074 548 indocte,
1116 511 1247 553 quam
1291 497 1427 553 polite
1458 496 1576 538 dicta
1620 512 1714 539 esse
1748 502 1884 553 putat.
1948 496 2032 538 Sed
2066 502 2208 538 tamen

194 618 210 626 ..
332 620 334 623 .
382 574 461 611 ³?ex
480 569 615 623 parte
652 566 805 625 magui
840 568 1044 612 momenti
1088 582 1186 611 esse
1227 567 1403 611 videtur
1445 584 1779 611 commemorare
1812 567 2013 611 Ciceroni
2060 581 2211 610 versus

191 626 232 667 ’ξ’
261 625 466 701 *fanos
494 652 593 681 cum
611 636 852 681 Naevianis
884 638 1152 696 comparanti
1172 638 1272 682 illos
1303 654 1388 682 non
1409 639 1552 681 minus
1585 638 1861 695 neglegenter
1881 639 2209 696 facws¹)qua1n

257 704 319 774 98
349 713 395 753 et
420 706 643 753 interdum
675 708 888 753 orationis
921 707 1102 754 solutae
1122 709 1366 753 simillimos
1399 709 1597 767 videriss),
1622 710 1683 752 ita
1706 717 1752 751 ut
1769 709 1849 751 hac
1881 710 1924 751 in
1946 724 1991 751 re
2015 708 2207 751 Ennium

228 770 476 845 antiquiori
510 784 663 844 poetae
694 795 916 837 opponere
949 796 1222 839 nequaquam
1250 780 1423 824 audeat.

375 862 471 908 Iam
503 862 730 907 Ciceronis
761 863 815 906 de
847 863 1008 907 Pacu
1028 865 1141 917 vio,
1174 864 1300 922 quale
1324 864 1457 907 tuerit
1488 863 1709 916 iudicium,
1744 863 1978 906 videamus.
2016 863 2209 907 Omnino

232 931 292 987 ἀὲ
323 930 506 978 Pacuvii
539 925 648 977 artis
682 936 872 991 tragicae
907 936 1074 978 ratione
1105 936 1286 994 eiusque
1317 937 1492 993 ingenio
1523 935 1679 979 Cicero
1710 935 1875 992 optime
1909 934 2084 987 iudicat,
2109 950 2207 976 oum

188 995 335 1065 gssgjjeum
383 1019 463 1062 pro
514 1019 535 1048 s
554 1020 580 1047 u
600 1020 746 1057 mmo
791 1010 921 1063 poem
952 1006 1119 1063 tragico
1148 1005 1315 1050 habeat.
1378 1006 1481 1063 Ipse
1513 1006 1627 1049 enim
1678 1005 1731 1047 de
1777 1012 1865 1062 opt.
1896 1021 1991 1062 gen.
2023 1021 2083 1047 or.
2118 1005 2151 1058 I,
2185 1007 2211 1047 2

191 1068 473 1129 §euintaec
503 1076 647 1125 dicat:
695 1077 869 1135 „itaque
901 1077 1005 1120 licet
1034 1075 1177 1119 'dicere
1202 1084 1246 1119 et
1278 1077 1469 1119 Ennium
1501 1091 1716 1119 summum
1750 1077 1918 1132 epicum
1963 1081 2133 1132 poetam
2168 1083 2209 1118 et

193 1140 478 1203 ÷.2·Pav.euvium
509 1147 725 1205 tragicum
758 1153 801 1190 et
832 1146 1071 1191 Caecilium
1116 1150 1403 1190 tortasse
1448 1148 1699 1198 comicum“‚
1741 1145 1817 1189 illa
1850 1161 1955 1188 voce
1999 1146 2211 1188 ‘fortasse'

191 1205 416 1279 {Caecilii
450 1219 616 1272 nomini
646 1218 796 1261 addita
829 1234 874 1260 re
906 1234 1011 1261 vera
1035 1234 1255 1261 ⁴summam
1287 1219 1459 1260 laudem
1492 1220 1574 1260 arti
1608 1220 1799 1274 tragicae
1827 1218 2103 1260 Pacuvianae
2134 1218 2212 1259 tri—

145 1323 174 1349 ⁸.
204 1280 450 1331 ‘tuendam
482 1304 578 1331 esse
610 1288 703 1331 sine
738 1288 827 1336 ulla
858 1288 1130 1332 dubitatione
1163 1289 1412 1332 confirmare
1433 1288 1587 1331 voluit.
1619 1289 1881 1346 Priusquam
1902 1289 2036 1345 igitur
2053 1288 2212 1347 quibus

222 1358 378 1404 musis
410 1365 652 1407 commotus
686 1358 840 1403 Cicero
887 1365 975 1402 tam
1008 1358 1117 1402 bene
1165 1358 1220 1402 de
1252 1358 1334 1402 hoc
1385 1358 1681 1402 Romanorum
1729 1363 1860 1416 poet-a
1891 1359 2056 1415 tragico
2098 1357 2211 1399 iudi-

204 1426 412 1483 ]eaverit,
443 1431 486 1470 in
520 1431 771 1471 universum
790 1429 955 1486 >paucis
986 1431 1338 1486 complectamur,
1370 1430 1553 1480 tabulas,
1584 1445 1692 1485 quas
1725 1431 1880 1471 Cicero
1914 1431 2100 1470 maxime
2138 1445 2210 1470 co—

191 1491 335 1550 ..ss‘luiss
367 1506 633 1557 pertractare
666 1499 888 1543 debemus.
919 1502 987 1543 Ac
1020 1500 1208 1557 primum
1239 1499 1415 1558 quidem
1447 1500 1682 1543 referamus
1714 1499 1905 1543 animum
1937 1497 1992 1542 ad
2024 1497 2207 1551 tabulas,

194 1566 343 1627 siquas
376 1585 399 1613 e
430 1571 572 1629 poetis
605 1570 786 1615 Graecis
818 1586 1047 1629 expressas
1080 1586 1176 1614 esse
1208 1570 1362 1614 Cicero
1393 1576 1592 1622 testatur,
1624 1570 1678 1613 ad
1702 1570 1865 1628 Niptra
1894 1577 1937 1613 et
1959 1571 2210 1627 Antiopam.

239 1639 332 1683 Iam
379 1641 426 1682 in
457 1640 643 1698 Niptris,
691 1657 801 1699 quae
832 1642 981 1685 tabula
1028 1657 1082 1684 ex
1123 1642 1355 1684 Ribbeckii
1402 1642 1692 1698 coniecturass)
1740 1641 1869 1683 valde
1902 1641 2116 1697 probabili
2169 1641 2210 1680 in

148 1703 178 1723 ³·
235 1711 411 1755 oraculo
444 1711 523 1754 niti
556 1710 746 1766 videtur,
798 1727 885 1771 quo
924 1711 1095 1756 Ulixem
1128 1713 1172 1754 in
1205 1712 1391 1770 patriam
1444 1726 1666 1755 reversum
1698 1727 1724 1754 a
1756 1712 1843 1754 filio
1896 1726 1974 1753 suo
2022 1712 2212 1753 occisum

126 1835 132 1840 .
238 1784 289 1826 iri
322 1784 612 1841 portenditur,
644 1800 831 1841 persona
861 1785 937 1828 illa
957 1785 1185 1827 Anticleae
1216 1784 1400 1827 ancillae
1429 1790 1628 1827 vetustae
1661 1784 1843 1842 eiusque
1863 1783 1995 1826 verba
2029 1782 2213 1824 mollitia

236 1860 367 1912 atque
399 1855 659 1898 amoenitate
702 1855 968 1913 plenissima,
1016 1854 1175 1913 quibus
1220 1854 1353 1912 pedes
1385 1854 1566 1898 abluens
1600 1855 1668 1910 (fr.
1699 1854 1742 1909 I)
1791 1869 1867 1896 usa
1898 1868 1992 1896 esse
2026 1852 2212 1903 videtur,

192 1933 194 1935 '
238 1923 440 1968 Ciceroni
474 1926 657 1968 maxime
688 1926 957 1983 placuerunt,
989 1927 1245 1984 praesertim
1277 1941 1374 1968 cum
1407 1926 1483 1968 illa
1515 1926 1660 1977 verba,
1692 1940 1802 1982 quae
1834 1924 1991 1967 ancilla
2023 1922 2078 1965 ad
2113 1922 2211 1966 Uli-

237 2011 334 2039 xem
366 1996 688 2053 agnoscendum
720 1996 901 2040 adhibet
932 1997 1050 2040 11.st
1082 1995 1292 2039 ‘lenitudo
1325 1997 1548 2048 orationis,
1581 1995 1810 2039 mollitudo
1839 1994 2049 2052 corporis'
2081 1994 2210 2036 Fuso.

242 2066 355 2125 disp.
389 2067 446 2120 V,
482 2069 545 2111 16.
576 2069 633 2111 46
674 2074 823 2125 aperte
855 2067 1014 2111 laudet.
1060 2069 1214 2111 Artem
1247 2074 1390 2111 autem
1425 2067 1607 2110 Pacuvii
1644 2066 1817 2111 Ulixem
1852 2081 2003 2109 verum
2037 2065 2210 2107 heroem

188 2148 191 2150 “
238 2137 503 2196 depingendi
536 2138 691 2181 Cicero
738 2139 846 2182 adeo
879 2139 1136 2192 admiratur,
1177 2145 1226 2181 ut
1267 2139 1509 2182 Pacuvium
1559 2138 1788 2194 imaginem
1823 2136 1972 2180 Ulixis
2017 2135 2211 2178 dolorem

193 2201 210 2225 Ψ
226 2206 488 2251 >constanter
504 2209 687 2252 terentis
705 2210 873 2263 melius,
906 2225 1034 2268 quam
1053 2210 1315 2267 Sophoclem
1333 2210 1510 2252 finxisse
1527 2209 1697 2264 dicat.⁴)
1731 2207 1905 2249 Etenim
1923 2222 2019 2248 cuin
2039 2206 2211 2263 Sopho-

237 2277 325 2324 cles
358 2278 400 2320 in
434 2278 584 2324 eadem
617 2279 763 2321 fabula
793 2280 971 2323 Ulixem
1000 2280 1054 2323 de
1085 2281 1310 2324 doloribus
1366 2281 1533 2336 magnis
1563 2280 1757 2335 graviter
1790 2287 2040 2336 querentem
2074 2285 2118 2318 et
2150 2277 2212 2317 la-

207 2362 211 2366 '
237 2354 502 2392 mentantem
533 2351 674 2392 tacere
708 2365 792 2392 non
826 2349 1009 2403 dubitet,
1042 2356 1172 2408 poeta
1201 2351 1426 2395 Romanus
1457 2350 1664 2400 maiorem
1696 2349 1952 2406 dignitatem
1993 2353 2037 2390 et
2068 2347 2214 2404 gravi-

238 2426 371 2464 tatem
403 2434 557 2463 scenae
602 2435 653 2463 eo
685 2421 852 2474 tribuit,
903 2421 1020 2479 quod
1069 2422 1246 2465 Ulixem
1278 2422 1388 2464 nihil
1436 2421 1554 2464 aliud
1587 2422 1693 2463 facit
1738 2426 1947 2471 orantem,
1993 2434 2120 2476 quam
2169 2427 2212 2458 ut

205 2506 208 2507 ⁷
238 2492 386 2541 mitius
419 2506 465 2533 se
497 2498 733 2548 portarent,
764 2493 818 2535 ad
850 2493 966 2550 quod
1000 2500 1101 2550 apte
1132 2494 1380 2536 referuntur
1412 2495 1544 2536 verba
1578 2500 1627 2536 tr.
1661 2493 1734 2535 IX
1760 2510 1769 2538 2

856 2576 1201 2634 „Pedetemptim
1233 2593 1282 2621 ac
1315 2577 1466 2621 sedato
1498 2578 1598 2621 nisu

854 2647 923 2692 Ne
955 2663 1164 2692 succussu
1195 2648 1378 2707 arripiat
1408 2649 1546 2692 maior

859 2720 1025 2762 Dolor“

243 2800 287 2844 in
319 2800 479 2860 quibus
513 2801 659 2846 verbis
692 2800 904 2847 modicam
938 2802 1056 2846 illam
1090 2818 1252 2856 vocem,
1299 2817 1383 2863 qua
1419 2801 1573 2847 Ulixes
1608 2816 1710 2844 usus
1743 2807 1820 2854 est,
1869 2800 2024 2844 Cicero
2064 2798 2213 2842 eodem

129 2872 148 2905 C⁵
176 2928 190 2934 J
239 2872 335 2917 loco
366 2872 618 2917 admiratur.
649 2873 808 2932 Itaque
840 2890 936 2917 enm
968 2874 1185 2919 Pacuvius
1206 2873 1353 2918 Ulixis
1385 2874 1614 2931 imaginem
1646 2888 1741 2915 cum
1762 2872 1971 2929 ampliore
2003 2872 2215 2928 dignitate

379 2980 405 3027 ¹)
429 2985 514 3017 orat.
539 2978 597 3025 45,
631 2980 712 3025 ‘52;
740 2981 821 3019 ibid.
850 2982 904 3026 11,
931 2981 988 3018 36.

381 3041 410 3086 ²)
434 3040 518 3078 ibid.
545 3040 601 3084 55,
629 3040 706 3078 184.

382 3100 411 3145 ¹)
435 3099 479 3136 de
509 3106 592 3145 trag.
619 3100 721 3136 Rom.
746 3113 781 3147 p.
808 3098 876 3136 271
902 3113 977 3147 sqq.

382 3161 411 3204 ⁴)
438 3160 539 3195 Tuse.
566 3160 654 3205 disp.
681 3160 731 3204 11,
756 3160 813 3198 21.
840 3160 897 3198 48.
