2461 3690
153 353 160 358 „
193 298 390 356 poetas
411 302 635 343 suminam
627 254 847 342 laudem
873 248 1012 362 atque
1039 292 1381 346 adm-attonem
1403 295 1735 367 maurentium
1750 305 1851 362 Q

130 383 134 386 ’
200 402 202 404 -
236 384 493 427 persuasum
521 369 634 423 fuit3
665 369 743 412 sed
775 369 1072 413 Romanorum
1107 374 1261 428 poetas
1292 370 1494 429 tragicos
1515 358 1607 420 illis
1632 382 1723 414 non
1725 363 1935 435 ἱρξείῐὶς)
1963 390 1982 422 ,¹

235 440 382 485 minus
410 447 481 483 sat
511 439 690 484 disertis
736 442 1005 498 argumentis
1051 436 1234 492 firmare,
1285 448 1444 496 tamen,
1493 431 1776 501 ubicumque
1785 424 1834 485 et
1859 454 1967 508 qua
1990 462 2027 480 ιι
2182 474 2186 496 5
2219 477 2242 501 ὤ.

5 556 41 563 ,,
235 511 394 570 potuit,
425 509 656 554 ostendere
686 526 737 553 ac
769 510 955 568 probate
986 511 1169 554 studuit.
1231 510 1301 553 Ex
1334 526 1428 554 mea
1468 510 1646 570 quidem
1698 513 1917 572 sententia
1946 494 2113 566 facem:
2179 508 2183 511 ¹
2214 504 2225 508 ⁷⁵

0 584 70 635 ,ζ
161 630 164 633 ,
237 596 429 639 possum,
461 582 565 639 quin
600 581 855 624 Ciceronem
890 584 1049 625 iustam
1083 581 1302 640 quandam
1335 582 1705 626 existimationem
1748 583 1892 641 poetis
1914 563 2178 633 Romandru

3 650 8 655 ’
235 652 413 709 tragicis
446 652 638 695 tribuere
670 651 893 694 studuisse
925 652 1150 695 coniciam.
1190 651 1291 703 Sed,
1330 659 1376 696 ut
1409 652 1520 696 tanti
1554 653 1805 697 aestimaret
1835 653 2104 718 tragoediam
2126 644 2243 707 8⁴53}

0 771 17 786 -.
236 736 421 775 manam,
469 722 518 775 is,
567 728 617 765 ut
649 737 781 780 supra
815 724 1054 804 tetigimus,
1101 730 1143 765 et
1190 723 1325 766 nimio
1358 724 1524 780 patriae
1567 737 1715 766 amore
1762 729 1805 766 et
1852 716 2024 767 ardenti
2074 701 2242 787 studia-

0 815 29 853 5
56 849 60 850 ⁷
236 799 389 837 eontra
422 809 496 837 eos
529 793 802 851 disputandi,
833 793 906 851 qui
929 788 1174 838 litterarum
1193 795 1460 838 Graecarum
1495 794 1624 838 nimis
1656 800 1853 839 amantes
1883 795 2074 881 fuerunt,
2106 799 2242 841 com«

27 866 36 873 “
74 854 80 857 ’
237 871 380 908 motus
413 879 463 908 ac
495 864 733 922 perductus
766 880 861 908 esse
897 865 1108 908 videtur.“

362 947 469 992 Sed
500 948 607 992 haec
639 948 862 993 hactenus.
909 948 1285 1006 progrediendum
1321 949 1445 992 nobis
1478 954 1545 992 est
1576 954 1632 1001 et,
1678 954 1725 992 ut
1756 962 1818 1001 ea,
1866 962 1978 1007 quae
2008 947 2064 991 de
2095 948 2222 992 Cice-

237 1020 358 1062 ronis
396 1019 561 1062 iudicio
594 1026 760 1062 statuta
793 1020 1014 1070 babemuS‚
1063 1020 1310 1062 accuratius
1342 1020 1657 1072 confirmemus,
1704 1034 1883 1063 necesse
1913 1019 1997 1062 erit-
2043 1018 2241 1069 demon?

235 1097 389 1143 strare,
421 1098 631 1149 quantum
665 1090 917 1148 tragoediae
949 1090 1172 1134 Romanae
1206 1106 1396 1135 amorem
1445 1096 1577 1149 atque
1610 1089 1943 1135 admirationem
1974 1083 2230 1149 conceperit·

236 1176 410 1220 quaque
441 1163 612 1205 ratione
644 1162 766 1204 illum
791 1177 979 1205 amorem
1013 1163 1054 1204 in
1074 1162 1263 1219 singulis
1295 1163 1558 1219 scriptorum
1590 1161 1824 1218 generibus
1857 1175 1961 1219 prae
1992 1161 2218 1205 sstulerit.

238 1239 305 1277 Ac
336 1234 524 1290 primum
557 1231 734 1289 quidem
753 1232 907 1275 Cicero
939 1233 1294 1284 familiaritatem,
1327 1248 1437 1290 quae
1470 1233 1509 1275 ei
1542 1248 1639 1275 cum
1678 1233 1856 1289 tragicis
1874 1232 2085 1276 Romanis
2117 1231 2246 1289 erat,⁴

236 1306 280 1348 in
313 1304 588 1348 orationibus
621 1309 843 1347 ostentare
876 1302 1081 1347 studebat
1130 1308 1270 1361 neque
1303 1303 1446 1347 minus
1479 1318 1624 1347 coram
1659 1309 1812 1347 senatu
1844 1318 1973 1362 quam
2001 1302 2220 1348 iudicibus

236 1375 505 1433 tragoediam
538 1374 788 1426 adhibebat,
820 1389 906 1431 qua
938 1375 1179 1417 sententias
1213 1390 1317 1417 suas
1350 1374 1676 1420 commendaret
1710 1375 1777 1417 vel
1811 1375 2129 1432 probabiliores
2158 1375 2227 1435 ta·
2376 1426 2389 1436 ι,

233 1455 362 1491 ceret.
411 1447 612 1505 Namque
656 1445 771 1489 haud
819 1447 971 1504 paucis
1020 1446 1269 1490 orationum
1322 1445 1429 1490 locis
1466 1444 1621 1490 versus
1672 1439 1743 1489 ex*
1767 1444 1848 1490 hac
1896 1444 2028 1490 illave
2073 1444 2224 1490 fabula

235 1525 436 1576 sumptos
468 1523 544 1560 aut
577 1517 631 1560 ad
650 1516 950 1560 exornandum
984 1532 1227 1560 sermonem
1248 1518 1391 1575 ipsum
1423 1524 1498 1559 aut
1528 1517 1584 1560 ad
1604 1517 1943 1568 confirmandam
1963 1517 2268 1576 sententiam-,³

235 1590 434 1643 inseruit,
468 1589 619 1641 veluti,
652 1595 700 1631 ut
733 1604 975 1631 sermonem
1022 1590 1185 1631 taceret
1222 1588 1512 1645 grandiorem,
1556 1588 1753 1645 singulos
1786 1589 2053 1646 tragicorum
2105 1587 2282 1636 locos„v
2385 1583 2390 1590 ’

234 1661 387 1706 addito
407 1662 475 1706 vel
497 1661 689 1706 indicato
709 1661 883 1705 nomine
901 1665 1054 1719 poetae
1086 1660 1265 1705 laudare
1298 1659 1454 1705 solitus
1469 1666 1556 1704 est:
1582 1661 1659 1705 cfr.
1697 1675 1776 1720 pro
1796 1659 1905 1704 Rab.
1938 1659 2060 1704 Post.
2080 1660 2146 1703 11.
2168 1658 2239 1703 29·
2278 1651 2280 1653 Ι

233 1733 400 1787 ,oderat
417 1733 623 1776 vestit-um
644 1733 775 1775 etiam
795 1732 929 1785 illum,
947 1732 1023 1775 sed
1044 1733 1138 1774 sine
1156 1746 1208 1774 eo
1227 1747 1304 1775 nec
1322 1746 1477 1775 nomen
1495 1731 1604 1775 illud
1623 1738 1797 1789 poterat
1827 1746 1905 1774 nec
1925 1745 2082 1774 munus
2099 1727 2241 1774 tueri.

235 1804 381 1861 Ergo„
391 1803 544 1846 aderat
559 1803 665 1855 vis“,
679 1809 728 1846 ut
743 1804 806 1846 ait
816 1808 946 1861 poeta
960 1803 1033 1845 ille
1047 1809 1196 1845 noster
1206 1818 1342 1861 „quae
1360 1817 1552 1846 summas
1568 1803 1733 1859 frangit
1750 1803 2026 1861 infirmatque
2037 1800 2223 1859 opes“.¹)
2283 1809 2296 1857 js

234 1874 409 1917 Deinde
425 1876 583 1917 Cicero
597 1874 821 1916 nonnullis
840 1875 947 1918 locis
967 1874 1101 1916 verba
1118 1875 1284 1931 tragica
1300 1881 1388 1916 tam
1408 1880 1522 1917 tecte
1538 1879 1669 1931 atque
1687 1873 1858 1916 occulte
1873 1872 2120 1924 admiscuit,
2136 1878 2185 1915 ut
2200 1886 2224 1914 e
2269 1870 2279 1921 ⁷,
2295 1891 2309 1919 ,⁷

233 1961 405 1989 conexu
439 1946 651 1990 orationis
683 1946 781 1989 elici
818 1946 890 1989 vix
924 1946 1108 2004 possint.
1161 1945 1260 1989 Hoc
1291 1951 1436 1989 autem
1470 1944 1600 1989 modo
1644 1945 1749 2003 quin
1782 1944 1972 1988 colorem
2005 1940 2222 2003 quendam

236 2017 448 2075 tragicum
482 2017 670 2060 sermoni
704 2017 898 2061 tribuere
917 2016 1146 2070 studuerit,
1180 2016 1363 2060 dubium
1397 2031 1483 2059 non
1502 2022 1581 2060 est.
1612 2016 1769 2075 Itaque
1785 2030 1848 2069 ea,
1879 2030 1991 2073 quae
2019 2015 2225 2072 leguntur

235 2090 279 2132 in
312 2104 373 2132 or.
407 2104 486 2148 pro
519 2088 672 2132 Caelio
704 2104 739 2131 c.
772 2089 829 2132 24
860 2103 939 2141 „ex
971 2088 1052 2131 hac
1086 2088 1220 2146 igitur
1251 2086 1381 2131 domo
1419 2114 1463 2119 -
1504 2087 1659 2130 mulier
1695 2113 1745 2118 —-
1778 2087 2105 2145 perhorrescet“
2136 2086 2225 2129 iam

236 2162 413 2204 Mureto
446 2176 500 2202 ex
533 2160 734 2218 Euripid.
784 2160 1019 2218 Hyppolit.
1054 2177 1092 2203 v.
1117 2154 1213 2204 '418
1246 2160 1507 2204 adumbrata
1540 2159 1747 2203 videntur
1766 2176 1778 2213 3
1826 2159 1933 2203 item
1963 2157 2081 2203 Phil.
2111 2155 2232 2218 XII-5
2291 2153 2397 2215 ‘²3

240 2233 320 2275 122
354 2230 546 2274 ‘Etenim
577 2230 701 2274 Mars
734 2231 954 2289 pignerari
989 2231 1147 2274 solent'
1174 2232 1383 2289 tragicam
1417 2230 1654 2276 dictionem
1686 2229 1896 2274 redolent.
1943 2228 2055 2272 Item
2088 2228 2133 2271 in
2163 2239 2224 2270 or·
2321 2220 2329 2227 Ι
2395 2251 2403 2259 ν

236 2303 279 2345 in
314 2302 410 2345 Cat.
441 2301 476 2344 Ι.
509 2303 536 2343 5
570 2300 772 2345 Ciceroni
806 2301 914 2344 illud
955 2317 1124 2359 „perge,
1155 2317 1242 2361 quo
1275 2303 1472 2360 coepisti,
1516 2302 1720 2359 egredere
1751 2300 1990 2359 aliquando
2021 2314 2075 2342 ex
2107 2299 2231 2342 urbe*
2311 2351 2393 2362 .-..

237 2380 389 2431 patent
419 2381 584 2431 portae,
615 2374 916 2431 proficiscere«
948 2373 1109 2417 dicenti
1153 2373 1278 2417 Accii
1313 2374 1653 2418 Phoenissarum
1686 2372 1861 2417 tabulae
1894 2371 2030 2417 verba
2064 2369 2233 2415 similia.
2284 2360 2408 2430 '‚{zjss

236 2443 483 2502 ‚Egredere,
518 2444 600 2499 exi,
631 2445 747 2489 ecfer
778 2451 832 2499 te,
864 2445 1042 2489 elimina
1074 2444 1206 2489 urbe
1198 2445 1231 2474 '’
1280 2445 1321 2488 in
1355 2451 1499 2489 ment-e
1530 2445 1666 2488 tuisse
1699 2459 1783 2487 non
1819 2444 1914 2489 sine
1958 2444 2051 2486 iure
2082 2440 2228 2486 Lade-

237 2516 361 2558 vicus
398 2515 576 2559 Vindio..
611 2530 652 2572 p.
685 2517 742 2558 34
774 2518 943 2558 statuit.
976 2516 1214 2559 Permultis
1247 2517 1436 2573 denique
1467 2517 1617 2571 loeisss)
1662 2506 1817 2559 Cicero
1851 2531 2004 2558 versus
2035 2514 2225 2571 tragicos
2285 2532 2289 2537 ·
2320 2569 2325 2573 .
2377 2574 2381 2575 ⁷

237 2586 401 2630 adiecit
433 2585 612 2637 solidos,
659 2602 769 2642 quos
800 2587 872 2642 hic
904 2601 1157 2630 enumerare
1190 2588 1366 2644 longum
1401 2595 1479 2631 est.
1540 2587 1734 2631 Omnino
1781 2592 1923 2630 autem
1957 2601 2055 2630 eum
2098 2583 2224 2628 'illum
2330 2572 2418 2623 *

238 2671 399 2699 morem
435 2670 588 2699 versus
638 2655 829 2712 tragicos
861 2656 1134 2701 orationibus
1186 2657 1403 2701 inserendi
1452 2664 1541 2701 tam
1573 2657 1760 2700 libenter
1789 2662 1984 2700 secutum
2031 2670 2127 2699 esse
2171 2653 2225 2697 eo

235 2728 424 2772 maxime
457 2727 683 2786 probatur,
716 2726 833 2785 quod
867 2742 965 2771 cum
982 2729 1163 2786 perfecti
1197 2730 1384 2772 oratoris
1416 2728 1588 2772 dicendi
1621 2735 1713 2772 arte
1739 2734 1875 2772 artem
1896 2725 2225 2787 historionalem
2258 2742 2303 2771 ’.ς
2321 2757 2381 2796 21²

366 2805 409 2871 Ι)
431 2825 473 2861 ef.
500 2825 606 2860 etiam
647 2837 697 2861 or.
724 2836 786 2871 pro
813 2825 964 2861 Murena
987 2824 1128 2869 2960,
1170 2838 1230 2871 pro
1256 2826 1397 2861 Plancio
1423 2826 1479 2869 24,
1507 2825 1563 2868 59,
1601 2838 1670 2871 quo
1706 2827 1782 2861 loco
1821 2837 1982 2861 coronam
2009 2824 2224 2860 audientium

234 2892 374 2920 mvocat
398 2886 444 2919 ad
470 2886 571 2920 Accii
598 2897 729 2929 versus,
756 2885 817 2930 qui
843 2897 886 2919 ex
913 2886 1021 2919 Atreo
1058 2887 1187 2930 sumpti
1214 2899 1289 2921 esse
1316 2886 1497 2920 videntur:
1538 2885 1793 2929 „vigilandum
1818 2890 1870 2920 est
1894 2896 2053 2930 semper.
2094 2884 2228 2920 multae
2355 2875 2365 2883 ⁴

234 2945 383 2982 insidiae
407 2950 490 2980 sunt
520 2945 654 2981 bonis“.
694 2944 830 2981 Audias
855 2943 983 2980 deinde
1008 2956 1059 2989 ea,
1094 2948 1186 2991 vquae
1212 2958 1311 2992 porro
1337 2945 1480 2982 adiecit:
1510 2951 1656 2990 ,‚cetera,
1694 2956 1784 2991 quae
1807 2943 1944 2991 scripsit
1967 2943 2083 2990 gravis
2109 2942 2169 2980 ille
2189 2948 2232 2979 et-
2375 2990 2379 2998 .

233 3006 437 3051 ingeniosus
462 3008 575 3053 poe'ta,
613 3005 750 3050 scripsit
775 3016 858 3048 non,
905 3011 943 3039 ut
968 3005 1046 3039 illos
1071 3005 1182 3050 regios
1208 3018 1342 3051 pueros,
1382 3005 1441 3051 qui
1481 3006 1550 3040 iam
1587 3016 1759 3050 nusquam
1775 3010 1892 3055 erant,
1937 3004 1996 3039 sed
2024 3010 2063 3039 ut
2087 3015 2151 3039 nos
2189 3000 2233 3055 ets
2279 3001 2311 3043 1ss
2372 3001 2387 3041 ἶ

234 3071 369 3100 nostros
394 3064 519 3102 liberos
543 3063 587 3098 ad
611 3063 764 3099 laborem
788 3069 823 3099 et
849 3064 893 3099 ad
919 3063 1058 3099 laudem
1084 3064 1271 3101 excitaret)
1299 3077 1361 3110 pro
1389 3064 1517 3100 Archia
1542 3066 1644 3111 poe‘ta
1669 3063 1701 3100 9.
1727 3062 1784 3100 22.
1814 3063 1898 3098 ibid.
1926 3063 1981 3100 10.
2010 3062 2068 3099 27.

376 3123 407 3169 ²)
433 3124 475 3158 cf.
504 3134 566 3168 pro
594 3123 663 3158 Pis.
691 3135 720 3158 c.
748 3123 806 3167 33,
833 3123 977 3168 Philipp
1002 3123 1052 3166 ΙΙ,
1081 3123 1103 3158 3
1130 3124 1221 3160 Phil.
1248 3124 1357 3167 XIII,
1383 3123 1438 3159 21.
1465 3130 1499 3158 et
1524 3124 1611 3159 alios
1636 3124 1739 3159 loeo-³.
