2461 3743
246 416 322 443 „j
525 344 864 415 Ciceronianae
895 370 1145 415 homi-nibus
1190 372 1319 415 valde
1350 372 1568 436 placuisse
1611 372 1711 415 inde
1744 372 1968 431 probatur,
2014 374 2131 431 quod
2163 389 2211 417 ea

203 449 241 477 f
313 443 501 512 *W
526 441 569 485 in
604 443 733 485 sce'na
763 443 986 501 agebatur,
1037 449 1085 486 ut
1115 449 1383 502 spectatores
1416 458 1509 487 eam
1542 458 1595 486 ex
1630 445 1768 501 primo
1801 445 2028 487 tibicinum
2063 446 2214 488 inflatu

266 636 268 638 ,
379 594 552 641 Deinde
582 596 749 640 Teucer
777 603 821 640 et
851 598 1086 640 Armorum
1121 596 1328 641 iudicium
1360 612 1384 640 a
1416 597 1626 641 Cicerone
1673 599 1858 641 maxime
1890 599 2208 657 praedicantur.

238 666 456 710 Teucrum
488 666 603 710 enim
635 667 826 711 fabulam
859 668 1037 723 dignam
1069 668 1351 720 existimavit,
1399 684 1509 725 quae
1541 669 1817 722 edisceretur,
1863 677 1910 713 ut
1941 677 2136 713 oratores
2171 673 2212 713 in

228 742 334 797 “arte
364 737 539 782 dicendi
570 740 930 794 exercerentur.2)
977 739 1116 782 Saena
1148 738 1234 790 illa,
1282 754 1368 797 qua
1398 738 1564 782 Teucer
1603 755 1628 782 a
1659 740 1894 783 Telamone
1943 747 2066 798 patre
2099 743 2215 783 exci-

195 802 373 870 tfisitur,
418 810 553 853 totius
584 809 757 854 tabulae
802 810 1146 853 eminentissima
1179 811 1363 853 maxime
1409 811 1563 868 captus
1595 826 1690 854 esse
1736 811 1922 855 videtur.
1967 812 2082 855 Nam
2115 812 2214 855 illos

191 894 222 908 ⁵⁴
241 893 395 926 versus
428 880 697 941 septenarios
731 877 807 939 (trs
833 881 965 935 XII),
1006 881 1165 940 quibus
1197 897 1328 925 senex
1359 882 1540 925 Telamo
1572 883 1859 926 candentibus
1891 884 2041 937 oculis,
2087 884 2214 927 lacri—

202 951 206 993 ἶ
242 967 366 999 mans
396 954 439 998 in
473 953 621 1008 filium,
672 968 798 1015 quem
831 959 1048 997 auctorem
1095 954 1246 997 Aiacis
1293 953 1438 997 caedis
1472 961 1608 1013 putat,
1657 955 1935 998 vehementer
1983 956 2214 1008 invehitur,

241 1041 337 1069 cum
372 1026 590 1068 Pacuvius
637 1038 734 1068 cum
785 1026 1135 1068 ‘inflammatione
1166 1026 1300 1068 animi
1347 1032 1395 1067 et
1424 1026 1600 1069 adflatu'
1646 1027 1896 1070 Telamonis
1946 1028 2213 1071 iracundiam

193 1124 198 1127 »
241 1097 490 1157 depinxerit
519 1102 562 1138 et
594 1096 816 1139 Hesionae
846 1111 991 1138 curam
1024 1101 1067 1144 et
1097 1096 1295 1139 timorem
1347 1096 1406 1139 ‘vi
1439 1096 1625 1155 quadam
1658 1112 1758 1140 vere
1806 1098 1973 1141 divina'
2020 1098 2214 1156 descrip-

242 1161 359 1220 serit,
390 1168 574 1211 maxime
606 1167 795 1222 laudat&
828 1172 1055 1224 totumque
1086 1167 1304 1210 canticum
1336 1166 1642 1224 ‘splendidum'
1675 1168 1880 1226 appellat.
1928 1168 2070 1211 Etiam
2105 1169 2211 1210 illud

240 1237 397 1281 Teucri
430 1238 593 1281 dictum
626 1239 681 1281 ad
714 1251 882 1281 omnem
915 1237 1094 1280 vivendi
1129 1239 1338 1280 rationem
1372 1239 1771 1299 accommodatum:

808 1321 980 1374 „Patria
1011 1327 1090 1372 est,
1121 1322 1383 1380 ubicumque
1416 1328 1482 1364 est
1513 1321 1650 1364 bene“

131 1396 133 1398 i
180 1388 196 1437 ’.-
242 1404 357 1463 quod
395 1404 492 1447 huic
524 1404 800 1447 Pacuvianae
830 1403 1004 1447 fabulae.
1035 1404 1358 1461 adiungendum
1392 1419 1487 1447 esse
1515 1404 1826 1455 Ribbeckius⁴,
1859 1406 2056 1456 coniecit,
2090 1406 2215 1447 Cice—

212 1494 219 1501 ··
241 1475 336 1517 roni
371 1475 499 1518 valde
530 1475 684 1532 placet.
716 1475 828 1519 Tum
864 1476 1009 1528 verba,
1053 1490 1163 1533 quae
1195 1475 1479 1534 Hermionam
1517 1475 1733 1517 Pacuvius
1766 1475 1981 1518 dicentem
2014 1476 2132 1527 tacit,
2164 1477 2215 1517 tr.

241 1546 364 1589 XIV
396 1547 481 1589 fab.
516 1546 693 1588 Herm.:

45 1627 52 1634 ’
581 1630 649 1681 „O
682 1630 912 1673 flexanima
942 1636 1074 1688 atque
1105 1631 1295 1672 omnium
1329 1631 1478 1686 regina
1517 1645 1658 1672 rerum
1693 1630 1856 1672 orati0“

243 1713 415 1770 quippe-
440 1713 599 1770 quibus
631 1713 905 1769 eloquentiae
938 1714 1033 1756 laus
1065 1714 1341 1770 apertissima
1372 1715 1602 1765 tribuatur,
1633 1713 1787 1756 Cicero
1825 1713 1933 1755 adeo
1962 1713 2214 1764 admiratur,

242 1788 290 1826 ut
324 1782 562 1826 Pacuvium
596 1787 782 1841 ‘poetam
815 1783 993 1827 bouum'
1024 1784 1272 1842 appellet.⁵)

15 1857 69 1913 ‘⁸‘
141 1891 147 1895 -
382 1867 451 1908 Ex
484 1859 664 1923 reliquis
695 1866 882 1925 denique
914 1868 1075 1925 fabulis
1106 1869 1251 1911 Iliona
1283 1875 1327 1911 et
1357 1868 1548 1925 Chryses
1593 1868 1710 1924 apud
1742 1868 1995 1911 Ciceronem
2046 1869 2088 1909 in
2125 1883 2213 1910 ma—

241 1941 358 1980 ximo
391 1938 555 1981 honore
586 1933 795 1997 cultuque
827 1945 962 1981 erant.
994 1938 1046 1981 In
1070 1938 1213 1982 Iliona
1244 1938 1353 1981 illud
1386 1939 1674 1981 clarissimum
1708 1939 1922 1982 canticum
1945 1938 2092 1981 verbis
2125 1938 2213 1980 illis

242 2009 349 2052 satis
379 2009 589 2065 gravibus
622 2010 836 2066 incipiens
866 2010 1037 2062 „Mater
1068 2016 1110 2052 te
1141 2009 1352 2067 adpello“,
1383 2010 1500 2067 quod
1534 2010 1742 2066 Deiphili,
1790 2010 1957 2052 Ilionae
1989 2010 2080 2058 filii,
2119 2025 2213 2050 um-

243 2079 362 2122 bram
397 2085 527 2137 poeta
557 2086 803 2143 cantantem
836 2080 1016 2134 inducit,
1048 2081 1202 2124 Cicero
1234 2080 1358 2124 tanto*
1388 2096 1485 2123 cum
1519 2081 1665 2124 studio
1700 2081 1934 2137 praedicat,
1967 2086 2016 2122 ut
2041 2079 2213 2121 illorum

242 2153 473 2196 verborum
506 2168 630 2196 usum
666 2153 754 2196 fere
786 2158 1056 2197 constantem
1107 2152 1224 2212 apud
1257 2152 1478 2196 Romanos
1511 2153 1673 2204 fecerit,
1710 2166 1850 2210 neque
1883 2151 2024 2194 facere
2057 2156 2213 2207 potest,

244 2224 348 2282 quin
383 2224 490 2267 satis
523 2225 692 2281 magnis
725 2223 930 2267 laudibus
965 2224 1118 2266 efferat
1149 2224 1302 2266 modos
1334 2225 1377 2265 in
1413 2224 1487 2266 illa
1519 2239 1645 2266 scena
1674 2223 1906 2272 adhibitos,
1938 2237 2047 2279 quos
2082 2223 2213 2274 „totis

190 2305 193 2308 ·
241 2295 424 2337 theatris
455 2295 715 2337 maestitiam
766 2296 950 2338 inferre“
995 2295 1103 2338 dicit
1148 2311 1343 2353 quosque
1391 2302 1540 2354 aperte
1587 2302 1699 2348 „tam
1732 2294 1870 2337 bonos
1919 2293 2214 2351 septenarios“

241 2365 487 2425 appellat.⁶)
519 2365 631 2408 Tum
651 2366 693 2408 in
713 2364 933 2423 „Chryse“
949 2365 1065 2423 quod
1081 2366 1195 2409 inest
1225 2365 1332 2409 illud
1352 2366 1672 2409 nobilissimum
1704 2372 1921 2408 certamen
1954 2364 2139 2407 Orestae
2171 2373 2215 2404 et.

244 2436 437 2495 Pyladis,
469 2452 569 2496 quo,
601 2437 705 2495 quid
739 2438 928 2480 amicitia
963 2438 1021 2480 sit
1047 2444 1345 2497 quantumque
1378 2438 1533 2489 valeat,
1559 2438 1727 2494 ‘optime
1751 2452 1777 2479 a
1794 2441 1921 2493 poeta
1942 2435 2213 2485 inlustratur,

214 2498 443 2551 'maximis
476 2508 680 2551 laudibus
713 2508 868 2551 Cicero
901 2516 1087 2552 exornat
1115 2515 1159 2551 et
1191 2509 1312 2565 vulgi
1345 2509 1623 2560 clamoribus,
1656 2509 1730 2568 qui
1764 2507 1850 2551 illis
1884 2506 2085 2550 versibus
2119 2520 2213 2547 sese

243 2579 563 2676 excipientibus
608 2594 711 2637 „ego
743 2595 837 2623 sum
871 2581 1078 2624 Orestes“
1121 2585 1164 2622 et
1195 2580 1339 2622 ‘immo
1370 2580 1591 2623 enimvero
1623 2593 1702 2636 ego
1735 2594 1831 2621 sum
1865 2576 2064 2619 Orestes'
2096 2577 2212 2617 exci-

383 2713 409 2757 1)
434 2710 542 2748 Acad.
569 2723 618 2757 pr.
646 2712 696 2756 ΙΙ,
724 2711 756 2756 7,
782 2711 837 2748 20.

380 2773 408 2817 ²)
434 2773 479 2807 de
502 2778 586 2808 orat.
615 2772 645 2816 I,
672 2771 728 2816 58,
755 2772 824 2809 246
859 2774 936 2808 n'ec
960 2773 1143 2818 quisquam
1177 2777 1229 2807 est
1252 2784 1382 2815 eorum,
1420 2772 1480 2817 qui
1506 2771 1535 2805 si
1561 2771 1630 2805 iam
1655 2770 1701 2804 sit
1725 2769 1950 2805 ediscendum
1977 2767 2041 2801 sibi
2068 2766 2213 2811 aliquid,

241 2844 311 2866 non
339 2832 512 2866 Teucrum
537 2833 681 2868 Pacuvii
707 2834 815 2877 malit,
841 2846 946 2879 quam
971 2833 1182 2868 Manilianas
1209 2832 1384 2868 venalium
1411 2831 1672 2867 vendendorum
1698 2831 1790 2874 leges
1816 2828 1992 2863 ediscere.)

379 2891 407 2936 ⁸)
430 2891 473 2927 os.
499 2891 543 2927 de
567 2897 651 2928 orat.
678 2892 729 2936 11,
755 2892 813 2936 46,
840 2893 909 2928 193
934 2893 1017 2929 ibid.
1045 2893 1116 2936 ΙΙΙ,
1142 2892 1198 2934 58,
1224 2891 1304 2928 217.
1330 2892 1374 2932 de
1398 2891 1468 2926 div.
1496 2891 1525 2933 Ι,
1551 2890 1608 2925 36.
1635 2889 1691 2923 80.

383 2952 412 2985 ⁸)
438 2951 481 2985 de
506 2956 594 2995 trag.
620 2952 721 2990 Rom.
749 2964 783 2997 p.
810 2951 890 2988 231.
1362 2942 1365 2944 q
1440 2948 1443 2949 ⁷
1722 2952 1735 2955 ”

385 3013 412 3057 ⁵)
436 3012 479 3048 cf.
504 3012 548 3047 de
571 3024 620 3048 or.
647 3012 697 3055 ΙΙ,
722 3012 781 3056 44,
808 3011 887 3047 187.

382 3072 410 3116 ⁸)
436 3071 541 3113 'ruse
564 3071 595 3115 Ι,
620 3071 679 3114 44,
706 3071 794 3115 106;
832 3072 875 3106 de
898 3072 1019 3106 eadem
1046 3083 1147 3105 scena
1173 3074 1424 3103 commemorat
1451 3067 1606 3110 saepius:
1634 3066 1676 3100 cf.
1704 3077 1765 3109 pro
1791 3065 1902 3099 Sestio
1929 3064 1985 3106 59,
2013 3063 2091 3105 126,
2118 3063 2213 3096 acad.

241 3132 342 3177 prior.
373 3131 423 3174 Π,
448 3129 504 3165 27.
531 3129 588 3174 88,
614 3130 657 3165 de
681 3142 729 3167 or.
756 3130 826 3174 111,
853 3130 909 3173 58,
935 3129 1014 3166 219.

293 3240 311 3251 t
