2461 3690
233 310 313 372 tat-i
345 334 483 382 erant,
510 327 644 372 loco
673 326 728 371 de
761 326 831 372 fin.
862 326 924 381 V,
954 330 1024 383 22,
1056 329 1133 373 63
1160 327 1453 380 confirmat-¹)
1481 317 1690 380 Omma

233 399 525 444 admiratione
555 406 648 443 erat
680 398 905 458 alireptus,
938 405 998 453 ut,
1030 399 1164 460 quod
1181 400 1378 455 Quintus
1407 401 1562 444 trater
1563 400 1639 444 de
1644 400 1744 444 div.
1767 388 1826 454 1',-
1830 376 1900 451 5⁴*
1901 432 1915 455 ‚
1949 448 1991 463 ᾖ

235 471 479 513 Pacuvium
525 471 737 528 disputat,-
786 472 874 514 alio
906 472 1003 514 loeo
1049 472 1104 514 de
1143 471 1232 514 div.
1264 471 1329 523 ΙΙ,
1379 472 1445 524 14,
1475 472 1533 515 33
1579 476 1735 529 poetae
1779 457 2062 518 defendendi*

234 556 415 598 prorsus
448 540 638 584 refutare
670 540 856 584 studeat.
864 543 899 594 ²)
2055 592 2060 597 .

373 611 468 655 Iam
500 619 646 655 autem
680 612 862 655 Medum
910 614 1093 656 minoris
1139 613 1296 658 iecisse
1345 613 1531 666 videtur,
1579 614 1833 671 praesertim
1880 627 2000 657 eum
2002 608 2075 657 ε’·

235 683 365 725 huius
397 683 571 725 fabulae
603 698 825 739 personas,
875 689 924 725 ut
956 685 1149 726 Aeaeten
1183 691 1227 726 et
1258 683 1462 727 Medeam
1495 683 1565 726 hic
1598 683 1688 726 illic
1732 683 1882 740 paucis
1915 683 2065 727 verbis
2100 681 2227 741 hagid-

235 753 393 796 leviter
425 753 708 810 perstringat.
777 753 966 796 Aeaetae
995 753 1111 796 enim
1145 753 1383 811 opprobrio
1416 752 1547 806 ἀπ’),
1601 752 1719 812 quod
1749 754 1884 810 regni,
1916 768 2002 797 non
2035 737 2219 821 Mede&

235 823 348 865 filiae
380 822 599 866 desiderio
632 830 806 875 maeret,
837 822 1040 866 Medeam
1075 829 1255 881 propter
1286 824 1463 866 nimiam
1496 823 1722 871 audaciam
1753 830 1797 866 et
1829 824 1965 867 animi
1996 811 2220 873 levitatem

236 871 467 951 vituperet.
474 897 508 949 ⁸)
542 894 723 936 Medum
758 895 899 951 ipsum
934 894 1136 937 Ciceroni
1182 894 1405 936 tortiorem
1449 901 1582 952 atque
1611 895 1916 938 animosiorem
1949 894 2088 938 videri
2117 888 2223 949 inde

234 980 496 1022 cognoscere
527 966 735 1021 cogimur,
783 965 900 1022 quod
949 964 1196 1017 histriones,
1241 966 1315 1023 qui
1349 979 1456 1008 voce
1487 965 1586 1008 freti
1619 971 1757 1018 erant,
1799 964 1878 1008 has
1921 962 2056 1009 Medi
2075 953 2224 1023 partes

235 1036 318 1079 sibi
352 1036 536 1093 elegisse
567 1043 887 1080 commemorat.
894 1038 930 1082 ⁵
2258 1089 2263 1092 Ι

378 1108 449 1150 Ad
498 1124 609 1166 quae
660 1108 889 1151 Ciceronis
936 1107 989 1151 de
1036 1108 1198 1152 tabulis
1243 1107 1508 1151 Pacuvianis
1561 1107 1722 1151 iudicia
1769 1109 1806 1152 si
1845 1108 1990 1152 animo
2038 1107 2268 1162 strictim

236 1179 505 1236 respicimus,
539 1178 783 1221 Pacuvium
816 1178 870 1221 ab
903 1193 954 1221 eo
987 1193 1204 1221 summum
1237 1179 1450 1236 tragicum
1487 1178 1786 1222 Romanorum
1818 1182 1991 1236 poetam
2021 1167 2277 1231 habitumf—I>

236 1264 331 1290 esse
364 1250 423 1291 ita
459 1249 585 1291 nobis
619 1249 960 1306 intellegendum
993 1250 1088 1301 erit,
1123 1256 1170 1291 ut
1186 1249 1388 1292 Ciceroni
1409 1249 1651 1292 Pacuvium
1685 1256 1864 1307 propter
1894 1251 1984 1292 vim
2012 1249 2233 1305 tragicam,
2266 1300 2267 1303 Ἴ

236 1320 330 1361 sive
364 1334 522 1361 nervos
555 1319 759 1375 tragicos,
792 1320 864 1376 qui
888 1308 1073 1376 singulis
1091 1320 1293 1376 personis
1325 1320 1532 1371 inessent,
1565 1319 1776 1362 maximae
1792 1318 2068 1362 admirationi
2087 1318 2224 1363 fuisse

235 1395 491 1432 statuamus.
524 1389 804 1448 Quamquam
836 1390 873 1432 ci
909 1405 1007 1432 cum
1040 1389 1366 1448 Schollmeyero
1400 1405 1440 1447 p.
1459 1390 1516 1436 20
1546 1389 1592 1432 id
1610 1389 1840 1449 ostensioni
1873 1389 2008 1432 fuisse
2040 1385 2241 1432 eonsen—¹
2269 1445 2273 1447 λ

237 1460 379 1510 serim,
413 1460 529 1516 quod
565 1460 799 1503 nonnullae
836 1461 1018 1503 Pacuvii
1053 1476 1279 1518 personae,
1327 1468 1375 1503 ut
1406 1461 1506 1503 illae
1542 1460 1664 1502 Medi
1697 1460 1883 1513 fabulae,
1923 1474 2008 1501 non
2042 1458 2223 1501 idoneae

236 1537 394 1581 essent,
443 1530 604 1588 quibus
640 1530 862 1573 hominum
896 1546 1037 1573 mores
1086 1530 1432 1574 emendarentur.
1495 1531 1650 1590 Neque
1695 1545 1849 1588 parum
1891 1530 1944 1572 ad
1977 1528 2086 1572 illud
2137 1534 2224 1571 tam

238 1601 400 1643 bonum
434 1601 488 1643 de
521 1601 717 1644 Pacuvio
751 1600 960 1644 iudicium
990 1597 1141 1644 valere
1175 1603 1349 1644 videtur
1381 1603 1438 1654 id,
1470 1601 1586 1659 quod
1607 1607 1841 1644 metrorum
1872 1602 2040 1643 ratione
2072 1599 2222 1642 habita

237 1686 386 1714 omnes
422 1687 574 1715 versus
608 1672 724 1730 apud
759 1688 857 1715 eum
891 1680 1069 1715 ornatos
1102 1672 1435 1730 elaboratosque
1469 1672 1676 1715 nominat·-
1682 1672 1717 1721 ⁸)

380 1753 479 1796 Jam
523 1754 577 1796 de
610 1755 703 1797 eius
735 1754 943 1812 loquendi
990 1769 1070 1797 usu
1103 1754 1257 1798 Cicero
1311 1769 1394 1797 non
1441 1753 1550 1797 bene
1583 1753 1758 1805 iudicat,
1805 1767 1901 1795 curn
1937 1752 2052 1794 illam
2101 1750 2224 1792 latini

238 1826 451 1867 sermonis
486 1826 734 1882 puritatem,
769 1841 880 1884 quae
912 1826 961 1868 C
995 1826 1162 1878 Laelio,
1195 1825 1241 1868 Ρ.
1274 1825 1470 1883 Scipioni
1504 1823 1759 1882 aequalibus
1791 1830 1885 1866 erat
1915 1822 2104 1880 propria,
2137 1810 2220 1863 Pa·
2282 1835 2285 1839 ⁴
2323 1848 2347 1867 7»

239 1895 367 1937 cuvio
401 1894 624 1938 abiudicet
652 1910 839 1955 eumque
872 1896 983 1939 male
1015 1896 1210 1940 locutum
1244 1911 1338 1940 esse
1371 1895 1499 1939 dicat.
1506 1897 1541 1951 ⁷)
1591 1894 1785 1938 Maxime
1815 1893 1929 1936 enim
1980 1906 2076 1935 eum
2110 1892 2226 1934 vitu-
2298 1924 2359 1933 a

243 1973 377 2021 perat,
423 1967 540 2024 quod
572 1967 791 2022 genet-ivis
824 1969 867 2008 in
902 1968 1115 2024 syllabam
1149 1973 1273 2020 „sxm‘ss
1304 1968 1607 2011 desinentibus
1656 1981 1741 2008 non
1775 1965 1903 2008 modo
1949 1964 2223 2020 frequentius
2274 2003 2277 2005 ,
2311 1961 2407 2027 ..53

240 2044 369 2093 atque
404 2038 670 2090 inusitatius,
703 2054 852 2082 verum
886 2039 1017 2082 etiam
1051 2038 1253 2096 „durius“
1287 2029 1535 2090 usus⁸‚‘sit.
2247 2028 2251 2030 ”
2311 2040 2315 2043 ’

384 2118 676 2177 Relinquitur,
695 2118 877 2178 ut‚quid
896 2120 1052 2164 Cicero
1084 2119 1139 2164 de
1173 2120 1348 2164 Accio
1380 2119 1650 2173 iudicaverit,
1682 2119 1832 2177 paucis
1849 2108 2130 2176 exponamus.
2165 2109 2252 2167 Ut(

241 2191 425 2231 Accium
459 2192 724 2246 posteriores
757 2192 995 2248 scriptores
1044 2193 1220 2248 ingenio
1254 2192 1414 2243 valido,
1461 2191 1563 2234 torti
1610 2183 1867 2247 fervidoque
1920 2187 2225 2245 praecelluisse

245 2260 474 2318 putabant,
506 2260 569 2304 ita
603 2261 713 2305 hanc
745 2263 871 2305 Accii
903 2262 1066 2319 ingenii
1098 2264 1408 2320 praestantiam
1443 2263 1526 2306 iam
1560 2267 1688 2305 antea
1707 2260 1861 2305 Cicero
1896 2259 2083 2316 maxime
2114 2256 2227 2301 cele·
2309 2260 2373 2298 ὥς,
2394 2284 2404 2312 5.

245 2331 400 2374 brabat
432 2338 562 2390 atque
595 2332 777 2376 colebat.
825 2332 1027 2393 Namque
1061 2350 1146 2377 non
1182 2334 1333 2387 defuit,
1379 2334 1612 2392 quominus
1645 2347 1742 2376 eum
1785 2346 1865 2389 pro
1898 2328 2228 2381 Sest.48,102

243 2408 416 2459 poetam
463 2418 640 2459 gravem
677 2411 720 2446 et
752 2405 1024 2461 ingeniosum
1071 2406 1326 2464 appellaret,
1375 2421 1527 2463 neque,
1569 2421 1696 2463 quem
1744 2419 1825 2462 pro
1858 2402 2040 2445 Plancio
2072 2401 2140 2445 24.
2171 2394 2249 2442 59'
2344 2420 2409 2442 a.

387 2511 410 2555 ¹)
433 2485 616 2553 Quantum
644 2511 802 2547 tribuerit
828 2513 909 2548 huic
933 2514 1071 2549 fabulae
1096 2526 1230 2557 scenae,
1256 2513 1361 2549 etiam
1386 2525 1574 2559 cognoscas
1598 2525 1642 2548 ex
1667 2513 1743 2548 loco
1768 2512 1811 2548 de
1836 2511 1896 2548 fin.
1921 2510 1973 2555 II,
1998 2509 2056 2554 24,
2077 2508 2132 2545 79.

385 2570 414 2614 ²)
438 2570 481 2605 cf.
507 2569 551 2604 de
575 2571 641 2604 hae
666 2582 702 2605 re
727 2571 1025 2616 Schollmeyerum
1052 2585 1084 2618 p.
1113 2572 1167 2608 19.
1195 2571 1251 2608 20.
2379 2606 2402 2619 „

382 2629 410 2671 ³)
437 2629 539 2664 Tusc.
566 2629 653 2673 disp.
681 2630 753 2672 111,
783 2630 838 2666 12.
866 2630 922 2667 26.
2190 2625 2195 2633 ’
2314 2619 2406 2652 ¹²

385 2688 413 2732 ι)
439 2687 523 2724 ibid.
550 2688 615 2732 1v,
641 2687 698 2724 32.
726 2688 791 2732 693
818 2689 861 2724 de
885 2690 956 2726 inv.
984 2691 1013 2734 1,
1040 2689 1097 2734 48,
1124 2690 1180 2726 90.
2307 2691 2314 2695 ·
2391 2680 2393 2683 ‘

384 2748 413 2790 ⁵)
439 2747 483 2780 de
506 2747 564 2783 off.
590 2748 619 2789 1,
644 2747 702 2791 31,
731 2748 808 2783 114.
2287 2786 2289 2789 ,
2319 2790 2332 2794 -

384 2805 412 2849 ⁸)
438 2811 523 2841 orat.
540 2805 596 2841 11.
622 2805 679 2842 36.
708 2806 809 2841 Illius
825 2808 908 2842 artis
934 2808 1097 2843 metricae
1111 2808 1329 2843 Pacuvianae
1354 2806 1467 2841 laudis
1492 2806 1589 2841 testis
1613 2812 1666 2842 est
1690 2806 1823 2842 Marius
1839 2805 2041 2840 Victorinus
2065 2808 2113 2850 (p.
2131 2802 2226 2838 2522
2257 2818 2259 2820 ·
2327 2821 2401 2842 τ·

243 2864 295 2898 ed.
323 2864 491 2906 Putsch.),
518 2865 578 2908 qui
605 2866 812 2901 suavitatem
841 2879 1002 2902 versuum
1030 2867 1172 2901 Pacuvii
1197 2867 1498 2913 anapaesticorum
1525 2866 1708 2911 praedicat,
1749 2872 1793 2907 et,
1821 2866 1913 2911 quod
1941 2866 1970 2899 is
1996 2876 2114 2899 versus
2138 2874 2223 2897 ana·
2307 2866 2326 2899 ζ’
2347 2896 2409 2918 ὦ,

243 2922 412 2966 paesticos
437 2923 587 2957 caesuris
615 2937 683 2959 non
702 2931 901 2962 constanter
926 2926 1019 2960 intra
1032 2925 1133 2960 binos
1159 2926 1262 2971 pedes
1276 2925 1398 2971 positis
1423 2924 1510 2960 bene
1537 2924 1748 2970 pulchreque
1768 2924 1914 2960 variavit
1939 2928 2043 2969 atque
2054 2920 2227 2964 distinxit,
2305 2924 2329 2971 ’ζ
2338 2918 2402 2963 ξ”,ς

243 2982 345 3015 valde
369 2983 498 3018 laudat.
2000 2977 2003 2979 ’
2263 2980 2277 2989 ”
2295 2990 2301 3028 j
2320 2976 2410 3021 '1³‘ss

385 3041 413 3082 Ἰ)
439 3041 537 3077 Brut.
566 3042 620 3086 74,
648 3042 726 3079 258.
2315 3033 2321 3038 '
2382 3031 2395 3044 Α

388 3101 416 3145 ⁸)
442 3102 484 3136 cf.
511 3114 560 3138 or.
589 3102 647 3145 46,
675 3103 754 3145 155,
781 3105 840 3138 ubi
865 3104 1037 3139 eiusmodi
1062 3104 1302 3148 genetivorum
1329 3103 1450 3138 durius
1474 3107 1729 3137 contractorum
1756 3102 1966 3152 mentionem
1991 3101 2091 3136 facit:
2118 3112 2221 3144 „mn-

242 3158 371 3201 sffissm,
398 3160 597 3205 augurium,
623 3163 767 3195 extom“
794 3163 835 3197 cf.
862 3162 965 3196 etiam
993 3163 1095 3197 Ribb.
1122 3162 1166 3196 de
1192 3168 1276 3206 trag.
1303 3162 1404 3196 Rom.
1432 3173 1464 3207 p.
1490 3160 1571 3196 339.
