2461 3743
182 401 185 410 ⁵
239 397 337 454 ἲὲὓέ
378 416 479 463 psa
488 390 577 459 ‘una
608 417 662 445 ex
683 400 853 444 ceteris
886 399 1163 458 virginibus
1162 400 1313 445 ‘oculis
1347 358 1500 444 rabere
1545 400 1641 443 visa
1681 400 1740 444 sit
1769 399 2039 444 ardentibus’
2047 404 2073 454 )
2106 399 2225 443 illius

315 479 318 482 ⁴
359 465 432 529 ,“ιἸ
441 485 596 515 omnes
629 486 780 514 rursus
813 470 1049 513 admonens
1097 471 1305 513 vaticinia
1337 485 1413 513 sua
1445 471 1639 523 carmine
1681 470 1757 512 illo
1788 471 1990 527 explicat,
2037 470 2092 513 de
2139 486 2225 527 quo

295 533 414 586 mero
442 541 660 605 Quintum
693 543 868 585 fratrem
899 542 964 584 sic
994 541 1246 601 loquentem
1279 541 1473 585 inducit:
1509 546 1689 599 „poema
1712 547 1907 583 tenerum
1936 546 1980 583 et
2011 547 2222 583 moratum

251 617 384 672 atque
407 607 545 665 ‘molle
561 644 571 655 .
588 644 597 654 .
618 644 628 655 .
649 645 658 654 .
690 611 798 655 deus
828 612 1023 655 inclusus
1054 627 1236 670 corpore
1252 612 1440 655 humano
1470 613 1553 655 iam
1572 626 1657 654 non
1677 610 1926 654 Cassandra
1956 611 2224 667 loquitur“.²9

256 676 325 727 Ac
354 677 550 741 profecto
584 682 660 741 qui
693 681 812 726 illius
846 683 1050 726 carminis
1066 682 1356 738 miserabilem
1391 696 1543 725 sonum
1572 688 1856 740 tenerumque
1887 687 1931 723 et
1947 695 2103 723 vocum
2136 681 2225 722 sin-

208 754 455 814 {figulat-um
488 768 581 796 sese
612 754 919 811 excipient-ium
952 755 1294 807 consonantiam,
1337 754 1483 800 velut:
1536 753 1644 795 illud
1689 754 1839 796 ‘multo
1869 752 2026 795 mulier
2074 751 2227 794 melior

200 879 205 882 ,
248 824 504 888 'mulierum’
535 825 803 881 cognoverit,
836 824 1089 868 Ciceronem
1121 825 1226 868 haec
1258 825 1393 868 verba
1423 831 1571 867 tenera
1602 830 1732 882 atque
1767 823 1913 866 mollia
1948 837 2043 865 esse
2075 822 2225 865 rectis-

193 907 197 909 “
228 887 360 955 'sitne
391 897 599 940 sensisse
614 895 740 939 facile
772 895 990 939 concedet.

205 1015 211 1019 ‚
265 967 267 969 ’
393 968 573 1012 Praeter
607 967 758 1010 harum
790 961 1049 1020 fabularum,
1078 967 1132 1009 de
1164 967 1323 1024 quibus
1355 967 1534 1024 egimus,
1570 981 1778 1024 personas
1809 966 1940 1008 etiam
1974 965 2225 1008 Telamonis

195 1064 197 1066 >
255 1023 371 1082 senis
403 1039 637 1095 ingenium,
684 1038 801 1096 qnod
837 1039 1008 1081 Ennius
1039 1038 1203 1095 optime
1243 1039 1438 1095 percepit
1480 1044 1525 1080 et
1555 1038 1804 1095 descripsit,
1854 1037 2008 1080 Cicero
2040 1038 2227 1080 maxime

233 1109 441 1166 ,laetatus
474 1124 568 1152 esse
600 1108 788 1152 videtur.
802 1109 1021 1167 Namque
1058 1108 1333 1152 Telamonis
1340 1109 1495 1151 fortem
1529 1109 1720 1151 animum
1753 1108 1867 1166 patri
1897 1124 1997 1151 vere
2030 1108 2227 1151 Romano

254 1180 482 1238 proprium
514 1180 692 1236 eiusque
744 1180 1142 1235 magnanimitatem
1188 1180 1227 1221 ei
1275 1194 1466 1222 summae
1499 1178 1777 1222 delectationi
1819 1180 1956 1221 fuisse
1988 1194 2010 1220 e
2041 1179 2137 1221 loco
2169 1178 2223 1220 de

240 1250 342 1293 div.
373 1249 443 1302 II,
470 1252 529 1292 50
566 1251 647 1292 114
678 1251 842 1309 optime
888 1250 1134 1305 conligitur,
1183 1250 1259 1292 ubi
1292 1249 1400 1292 illud
1433 1251 1619 1292 maxime
1665 1250 1834 1306 probat,
1884 1250 2000 1307 quod
2044 1249 2224 1291 Telamo

205 1357 207 1359 .
251 1320 484 1367 ,Ennianus
517 1320 757 1364 sententiae
789 1319 1000 1364 nobilium
1033 1320 1151 1364 illius
1184 1321 1395 1379 temporis
1427 1319 1718 1372 Romanorum
1751 1319 1961 1363 accedens
2008 1317 2112 1363 deos
2146 1319 2225 1362 hu-

253 1407 381 1435 mano
413 1392 560 1448 generi
593 1393 841 1448 prospicere
874 1407 972 1433 cum
1004 1391 1198 1448 Epicuro
1228 1401 1358 1448 negat
1388 1393 1439 1434 fr.
1474 1392 1496 1434 Ι
1527 1392 1596 1434 his
1631 1391 1856 1436 versibus:

540 1461 635 1519 Ego
667 1461 795 1504 deum
825 1476 962 1519 genus
993 1476 1091 1505 esse
1121 1475 1293 1521 semper
1324 1461 1415 1505 dixi
1448 1467 1492 1506 et
1523 1462 1664 1505 dicam
1678 1460 1898 1504 ⁸caelitum

538 1532 624 1575 Sed
657 1547 732 1575 eos
763 1548 849 1575 non
882 1548 1033 1575 curare
1065 1535 1232 1591 opinor,
1265 1534 1369 1591 quid
1403 1539 1504 1590 agat
1535 1533 1771 1575 humanum
1801 1546 1938 1588 genus

539 1604 652 1646 Nam
673 1603 710 1645 si
730 1609 893 1655 curent,
914 1603 1022 1646 bene
1043 1604 1169 1647 bonis
1189 1605 1258 1657 sit,
1274 1604 1386 1647 male
1402 1603 1542 1656 malis,
1559 1602 1676 1660 quod
1694 1618 1809 1646 nunc
1828 1603 1962 1646 abest.

255 1674 325 1720 vel
356 1690 379 1719 e
410 1674 506 1721 loco
540 1674 594 1719 de
626 1672 715 1718 div.
747 1673 783 1729 I,
814 1674 884 1728 58,
918 1674 1015 1730 123,
1063 1689 1150 1734 quo
1184 1675 1317 1719 verba
1347 1674 1480 1718 Ennii
1515 1674 1704 1717 maxima
1747 1688 1845 1716 cum
1887 1672 2015 1716 laude
2047 1674 2224 1732 profert,

250 1748 412 1803 quibus
445 1739 698 1803 haruspices
731 1753 774 1788 et
805 1748 1067 1804 interpretes
1100 1749 1367 1790 somniorum
1400 1762 1485 1788 non
1521 1747 1676 1788 leniter
1708 1747 1904 1801 castigat,

532 1818 851 1875 „superstitiosi
886 1825 1010 1862 vates
1041 1818 1405 1878 impudentesque
1436 1817 1561 1861 arioli

526 1895 602 1932 aut
633 1889 791 1932 inertes
822 1894 899 1932 aut
930 1889 1073 1932 insani
1106 1895 1182 1932 aut
1211 1889 1371 1947 quibus
1403 1895 1573 1946 egestas
1605 1889 1789 1947 imperat

533 1960 607 2016 qui
639 1960 727 2002 sibi
760 1961 957 2002 semitam
989 1975 1076 2002 non
1109 1961 1299 2016 sapiunt,
1331 1961 1454 2003 alteri
1491 1967 1742 2004 monstrant
1773 1962 1901 2012 viam,

532 2030 694 2088 quibus
726 2030 906 2075 divitias
938 2014 1211 2088 pollicentur,
1243 2030 1298 2075 ab
1333 2031 1396 2075 eis
1422 2030 1671 2076 dracumam
1704 2032 1789 2090 ipsi
1822 2038 1987 2089 petunt.

205 2146 211 2149 ,
252 2099 316 2144 Ut
346 2106 488 2145 autem
522 2101 568 2143 in
601 2101 682 2143 hac
713 2102 860 2144 fabula
893 2102 1227 2159 magnanimitas
1259 2108 1301 2144 et
1332 2103 1582 2145 constantia
1620 2103 1884 2155 Telamonis,
1917 2104 1977 2144 ita
2012 2104 2055 2144 in
2090 2103 2224 2144 Alcu-

252 2184 429 2214 maeone
463 2188 601 2229 pavor
635 2179 678 2214 et
710 2174 989 2225 conscientia,
1019 2189 1131 2231 quae
1164 2174 1508 2232 supplicantium
1540 2190 1658 2216 more
1690 2175 1740 2216 fr.
1773 2174 1822 2215 II
1856 2174 2077 2231 descripta
2109 2182 2223 2226 sunt,

251 2251 294 2287 et
326 2260 387 2297 ea,
430 2244 589 2301 quibus
622 2243 932 2287 Alcumaeonis
955 2260 957 2263 ·
981 2244 1194 2303 incipiens
1241 2245 1412 2289 insania
1464 2248 1535 2296 (ir.
1567 2245 1659 2303 IV)
1705 2246 1974 2298 inlustratur,
2021 2247 2221 2290 Ciceroni

251 2315 414 2373 optime
446 2315 711 2373 placuerunt.

389 2386 561 2429 Deinde
593 2387 777 2428 maxime
809 2386 961 2429 laudat
993 2387 1148 2430 Cicero
1180 2388 1315 2430 Ennii
1349 2390 1600 2440 sententias,
1634 2389 1793 2445 quibus
1812 2389 1913 2431 boni
1934 2405 2074 2432 mores
2106 2405 2222 2432 com-

250 2455 524 2500 mendantur.
560 2455 731 2499 Etenim
776 2457 1005 2515 permultis
1036 2457 1144 2501 locis
1177 2458 1415 2502 sententias
1448 2461 1615 2516 profert
1661 2458 1715 2501 ad
1748 2460 1976 2517 opiniones
2008 2475 2108 2503 suas
2153 2461 2219 2502 in-

253 2525 502 2569 lustrandas
536 2526 603 2569 vel
638 2526 968 2580 confirmandas,
1002 2527 1136 2571 veluti
1167 2528 1373 2585 „Flagitii
1395 2529 1658 2586 principium
1690 2537 1758 2572 est
1774 2530 1938 2573 nudare
1971 2531 2083 2573 inter
2100 2532 2220 2573 cives

250 2595 449 2654 corpora’
497 2597 564 2639 vel
598 2598 807 2650 „Amicus
840 2605 984 2641 certus
1032 2599 1075 2640 in
1109 2608 1165 2641 re‘
1199 2600 1362 2642 incerta
1410 2601 1627 2642 cernitur⁴⁴
1660 2599 1759 2647 vel:
1808 2601 1977 2652 „Quem
2011 2607 2221 2653 metuunt,

172 2727 175 2729 ‚
251 2668 467 2712 oderunt:
515 2683 643 2728 quem
678 2670 863 2728 quisque
896 2669 990 2712 odit
1037 2670 1200 2727 perisse
1244 2671 1436 2729 expetit“
1484 2671 1553 2713 vel
1597 2671 1743 2724 „Bene
1774 2671 1889 2713 facta
1938 2672 2048 2714 male
2079 2672 2219 2714 locata

198 2753 200 2755 ’
252 2740 362 2783 male
394 2740 508 2783 iacta
540 2741 766 2792 arbitror&
813 2757 923 2798 quas
956 2743 1192 2785 sententias
1227 2742 1336 2785 bene
1386 2749 1429 2785 et
1471 2748 1585 2785 recte
1633 2749 1673 2785 et
1707 2742 1927 2800 praeclare
1973 2742 2029 2784 ab
2074 2742 2221 2785 Ennio

250 2810 390 2856 dictas
418 2826 515 2856 esse
546 2811 663 2855 dicit.
669 2814 702 2867 ⁸)

391 2909 417 2952 ¹)
441 2889 543 2943 Ribb.
559 2908 661 2952 Trag.
681 2909 782 2945 Rom.
798 2909 837 2944 fr.
865 2921 898 2955 p.
916 2908 963 2943 20
985 2910 1027 2945 fr.
1054 2909 1109 2944 VI
1134 2914 1168 2943 et
1191 2908 1233 2943 de
1258 2913 1343 2953 trag.
1369 2909 1470 2943 Rom.
1498 2920 1530 2952 p.
1556 2907 1636 2950 89.;
1663 2909 1789 2944 deinde
1814 2910 2021 2945 Ciceronem
2045 2917 2128 2954 arte,
2154 2924 2223 2956 qua

251 2968 391 3003 Ennius
418 2967 693 3011 vaticinauonee,
720 2973 759 3003 ut
783 2968 934 3003 visiones
960 2980 1021 3014 per
1045 2973 1152 3003 totam
1176 2968 1266 3003 hanc
1291 2967 1445 3003 fabulam
1470 2952 1642 3013 dispersas
1665 2968 1825 3013 finxerat,
1854 2969 1952 3004 valde
1976 2970 2136 3015 gavisum
2149 2982 2223 3006 esse

253 3026 527 3071 Schollmeyerus
541 3037 574 3071 pv.
591 3026 637 3062 15
649 3026 731 3061 locis
760 3027 906 3061 conlatis
930 3028 975 3062 de
993 3027 1064 3063 div.
1090 3028 1120 3071 I,
1146 3026 1202 3070 21,
1227 3026 1275 3061 42
1299 3027 1382 3063 ibid.
1410 3028 1439 3070 1,
1464 3026 1521 3070 31,
1548 3027 1594 3061 66
1621 3028 1766 3062 statuit:
1792 3029 1835 3063 de
1861 3028 2017 3063 versibus
2041 3029 2136 3076 ipsis,
2161 3031 2222 3074 qui

250 3085 328 3121 illas
345 3086 497 3122 visiones
521 3091 601 3131 apte
625 3085 834 3130 describunt,
859 3086 901 3122 cf.
931 3086 1034 3123 Ribb.
1060 3086 1126 3121 inc.
1152 3085 1218 3121 inc.
1244 3085 1311 3122 fab.
1344 3086 1376 3120 V
1400 3091 1435 3121 et
1459 3086 1502 3121 de
1527 3091 1612 3132 trag.
1639 3087 1738 3124 Rom.
1766 3100 1799 3134 p.
1826 3087 1883 3124 82.

394 3145 423 3192 ²)
450 3145 494 3180 de
517 3145 588 3182 div.
617 3146 647 3188 I,
672 3145 730 3182 31.
760 3144 815 3180 66.

391 3206 419 3251 ⁸)
444 3205 547 3242 Tuae.
574 3205 640 3249 IV,
665 3204 723 3248 33,
750 3205 805 3241 70.
832 3205 927 3242 Lael.
954 3204 1009 3241 17.
1038 3203 1094 3242 64.
1120 3204 1163 3239 de
1186 3204 1243 3241 off.
1269 3204 1319 3248 Π,
1348 3203 1378 3241 7.
1404 3203 1475 3248 23;
1501 3203 1584 3242 ibid.
1611 3205 1661 3250 11,
1689 3205 1745 3249 18,
1771 3205 1827 3243 62.
