<?xml version="1.0" encoding="UTF-8"?>
<!DOCTYPE html PUBLIC "-//W3C//DTD XHTML 1.0 Transitional//EN"
    "http://www.w3.org/TR/xhtml1/DTD/xhtml1-transitional.dtd">
<html xmlns="http://www.w3.org/1999/xhtml" xml:lang="en" lang="en">
 <head>
  <title>
</title>
<meta http-equiv="Content-Type" content="text/html;charset=utf-8" />
  <meta name='ocr-system' content='tesseract 3.04.00' />
  <meta name='ocr-capabilities' content='ocr_page ocr_carea ocr_par ocr_line ocrx_word'/>
</head>
<body>
  <div class='ocr_page' id='page_1' title='image "4773789_0016.png"; bbox 0 0 2461 3690; ppageno 0'>
   <div class='ocr_carea' id='block_1_1' title="bbox 0 3526 322 3690">
    <p class='ocr_par' dir='ltr' id='par_1_1' title="bbox 0 3526 322 3690">
     <span class='ocr_line' id='line_1_1' title="bbox 0 3526 322 3690; baseline 0 0"><span class='ocrx_word' id='word_1_1' title='bbox 0 3526 322 3690; x_wconf 95' lang='lat' dir='ltr'> </span> 
     </span>
    </p>
   </div>
   <div class='ocr_carea' id='block_1_2' title="bbox 0 0 2452 831">
    <p class='ocr_par' dir='ltr' id='par_1_2' title="bbox 0 0 2452 831">
     <span class='ocr_line' id='line_1_2' title="bbox 0 0 2452 831; baseline 0 0"><span class='ocrx_word' id='word_1_2' title='bbox 0 0 2452 831; x_wconf 95' lang='lat' dir='ltr'>   </span> 
     </span>
    </p>
   </div>
   <div class='ocr_carea' id='block_1_3' title="bbox 2039 642 2452 759">
    <p class='ocr_par' dir='ltr' id='par_1_3' title="bbox 2039 642 2452 759">
     <span class='ocr_line' id='line_1_3' title="bbox 2039 642 2452 759; baseline 0 0"><span class='ocrx_word' id='word_1_3' title='bbox 2039 642 2452 759; x_wconf 95' lang='lat' dir='ltr'>  </span> 
     </span>
    </p>
   </div>
   <div class='ocr_carea' id='block_1_4' title="bbox 224 602 2245 2719">
    <p class='ocr_par' dir='ltr' id='par_1_4' title="bbox 224 602 2310 2719">
     <span class='ocr_line' id='line_1_4' title="bbox 241 602 2173 734; baseline 0.001 -19"><span class='ocrx_word' id='word_1_4' title='bbox 241 673 350 718; x_wconf 88' lang='lat' dir='ltr'>illud</span> <span class='ocrx_word' id='word_1_5' title='bbox 392 673 691 715; x_wconf 88' lang='lat' dir='ltr'>Romanorum</span> <span class='ocrx_word' id='word_1_6' title='bbox 725 673 919 715; x_wconf 77' lang='lat' dir='ltr'>Graecos</span> <span class='ocrx_word' id='word_1_7' title='bbox 970 671 1170 715; x_wconf 76' lang='lat' dir='ltr'>imitandi</span> <span class='ocrx_word' id='word_1_8' title='bbox 1223 671 1416 716; x_wconf 86' lang='lat' dir='ltr'>studium</span> <span class='ocrx_word' id='word_1_9' title='bbox 1463 685 1550 716; x_wconf 90' lang='lat' dir='ltr'>non</span> <span class='ocrx_word' id='word_1_10' title='bbox 1583 671 1715 716; x_wconf 88' lang='lat' dir='ltr'>modo</span> <span class='ocrx_word' id='word_1_11' title='bbox 1764 686 1852 716; x_wconf 87' lang='lat' dir='ltr'>non</span> <span class='ocrx_word' id='word_1_12' title='bbox 1886 602 2110 734; x_wconf 62' lang='lat' dir='ltr'>vitupc&gt;</span> <span class='ocrx_word' id='word_1_13' title='bbox 2102 676 2109 681; x_wconf 79' lang='grc'><strong>’</strong></span> <span class='ocrx_word' id='word_1_14' title='bbox 2167 725 2173 727; x_wconf 19' lang='grc' dir='ltr'><strong>Α</strong></span> 
     </span>
     <span class='ocr_line' id='line_1_5' title="bbox 242 739 2171 803; baseline 0 -16"><span class='ocrx_word' id='word_1_15' title='bbox 242 742 319 787; x_wconf 86' lang='lat' dir='ltr'>sed</span> <span class='ocrx_word' id='word_1_16' title='bbox 367 743 554 801; x_wconf 87' lang='lat' dir='ltr'>ingenue.</span> <span class='ocrx_word' id='word_1_17' title='bbox 603 743 874 801; x_wconf 84' lang='lat' dir='ltr'>probavisse,</span> <span class='ocrx_word' id='word_1_18' title='bbox 921 741 1158 786; x_wconf 79' lang='lat' dir='ltr'>dummodo</span> <span class='ocrx_word' id='word_1_19' title='bbox 1210 742 1396 786; x_wconf 86' lang='lat' dir='ltr'>Romani</span> <span class='ocrx_word' id='word_1_20' title='bbox 1428 757 1453 785; x_wconf 90' lang='lat' dir='ltr'>e</span> <span class='ocrx_word' id='word_1_21' title='bbox 1485 741 1756 786; x_wconf 87' lang='lat' dir='ltr'>Graecorum</span> <span class='ocrx_word' id='word_1_22' title='bbox 1802 739 2171 803; x_wconf 30' lang='lat' dir='ltr'>exemplaribuse‘¹³.</span> 
     </span>
     <span class='ocr_line' id='line_1_6' title="bbox 240 802 2174 873; baseline 0 -16"><span class='ocrx_word' id='word_1_23' title='bbox 240 815 461 871; x_wconf 75' lang='lat' dir='ltr'>eligerent,</span> <span class='ocrx_word' id='word_1_24' title='bbox 494 828 605 871; x_wconf 87' lang='lat' dir='ltr'>quae</span> <span class='ocrx_word' id='word_1_25' title='bbox 637 815 882 857; x_wconf 80' lang='lat' dir='ltr'><strong>imitatione</strong></span> <span class='ocrx_word' id='word_1_26' title='bbox 915 814 1174 871; x_wconf 86' lang='lat' dir='ltr'>dignissima</span> <span class='ocrx_word' id='word_1_27' title='bbox 1207 812 1477 857; x_wconf 76' lang='lat' dir='ltr'>statuissent.</span> <span class='ocrx_word' id='word_1_28' title='bbox 1510 812 1644 867; x_wconf 78' lang='lat' dir='ltr'>Quod</span> <span class='ocrx_word' id='word_1_29' title='bbox 1676 814 1717 856; x_wconf 87' lang='lat' dir='ltr'>si</span> <span class='ocrx_word' id='word_1_30' title='bbox 1749 814 1804 856; x_wconf 86' lang='lat' dir='ltr'>ad</span> <span class='ocrx_word' id='word_1_31' title='bbox 1822 828 1912 857; x_wconf 87' lang='lat' dir='ltr'>rem</span> <span class='ocrx_word' id='word_1_32' title='bbox 1944 802 2174 873; x_wconf 73' lang='lat' dir='ltr'>proposita</span> 
     </span>
     <span class='ocr_line' id='line_1_7' title="bbox 242 882 2174 946; baseline -0.001 -15"><span class='ocrx_word' id='word_1_33' title='bbox 242 887 485 939; x_wconf 65' lang='lat' dir='ltr'>referimus,</span> <span class='ocrx_word' id='word_1_34' title='bbox 518 885 774 932; x_wconf 81' lang='lat' dir='ltr'>Ciceronem</span> <span class='ocrx_word' id='word_1_35' title='bbox 808 902 831 931; x_wconf 92' lang='lat' dir='ltr'>e</span> <span class='ocrx_word' id='word_1_36' title='bbox 864 885 1132 932; x_wconf 86' lang='lat' dir='ltr'>Graecorum</span> <span class='ocrx_word' id='word_1_37' title='bbox 1184 885 1361 945; x_wconf 76' lang='lat' dir='ltr'>tragicis</span> <span class='ocrx_word' id='word_1_38' title='bbox 1392 885 1512 932; x_wconf 81' lang='lat' dir='ltr'>solos</span> <span class='ocrx_word' id='word_1_39' title='bbox 1552 883 1653 931; x_wconf 89' lang='lat' dir='ltr'>illos</span> <span class='ocrx_word' id='word_1_40' title='bbox 1684 884 1904 946; x_wconf 81' lang='lat' dir='ltr'>principes</span> <span class='ocrx_word' id='word_1_41' title='bbox 1937 882 2174 946; x_wconf 74' lang='lat' dir='ltr'>Aeschylu&#39;</span> 
     </span>
     <span class='ocr_line' id='line_1_8' title="bbox 243 955 2227 1038; baseline 0.002 -37"><span class='ocrx_word' id='word_1_42' title='bbox 243 957 520 1016; x_wconf 86' lang='lat' dir='ltr'>Sophoclem,</span> <span class='ocrx_word' id='word_1_43' title='bbox 570 957 830 1038; x_wconf 86' lang='lat' dir='ltr'>Euripidem</span> <span class='ocrx_word' id='word_1_44' title='bbox 873 958 927 1000; x_wconf 85' lang='lat' dir='ltr'>ad</span> <span class='ocrx_word' id='word_1_45' title='bbox 961 957 1222 1001; x_wconf 90' lang='lat' dir='ltr'>imitandum</span> <span class='ocrx_word' id='word_1_46' title='bbox 1269 958 1522 1016; x_wconf 87' lang='lat' dir='ltr'>aptissimos</span> <span class='ocrx_word' id='word_1_47' title='bbox 1571 957 1780 1000; x_wconf 85' lang='lat' dir='ltr'>habuisse</span> <span class='ocrx_word' id='word_1_48' title='bbox 1810 957 1902 1000; x_wconf 87' lang='lat' dir='ltr'>veri</span> <span class='ocrx_word' id='word_1_49' title='bbox 1950 955 2227 1011; x_wconf 61' lang='lat' dir='ltr'>simillimum&gt;</span> 
     </span>
     <span class='ocr_line' id='line_1_9' title="bbox 238 1014 2245 1097; baseline 0 -26"><span class='ocrx_word' id='word_1_50' title='bbox 238 1028 473 1074; x_wconf 88' lang='lat' dir='ltr'>videbitur.</span> <span class='ocrx_word' id='word_1_51' title='bbox 529 1029 668 1072; x_wconf 79' lang='lat' dir='ltr'>Cuius</span> <span class='ocrx_word' id='word_1_52' title='bbox 700 1029 759 1071; x_wconf 89' lang='lat' dir='ltr'>rei</span> <span class='ocrx_word' id='word_1_53' title='bbox 811 1028 939 1071; x_wconf 88' lang='lat' dir='ltr'>fidem</span> <span class='ocrx_word' id='word_1_54' title='bbox 972 1029 1138 1072; x_wconf 75' lang='lat' dir='ltr'>iaciunt</span> <span class='ocrx_word' id='word_1_55' title='bbox 1188 1029 1387 1072; x_wconf 87' lang='lat' dir='ltr'>nonnulli</span> <span class='ocrx_word' id='word_1_56' title='bbox 1421 1029 1561 1083; x_wconf 77' lang='lat' dir='ltr'>loci2),</span> <span class='ocrx_word' id='word_1_57' title='bbox 1607 1028 1767 1085; x_wconf 88' lang='lat' dir='ltr'>quibus</span> <span class='ocrx_word' id='word_1_58' title='bbox 1813 1028 2003 1086; x_wconf 82' lang='lat' dir='ltr'>tragicos</span> <span class='ocrx_word' id='word_1_59' title='bbox 2034 1014 2245 1097; x_wconf 41' lang='lat' dir='ltr'>Latinos]</span> 
     </span>
     <span class='ocr_line' id='line_1_10' title="bbox 239 1092 2226 1166; baseline 0.001 -24"><span class='ocrx_word' id='word_1_60' title='bbox 239 1115 327 1143; x_wconf 89' lang='lat' dir='ltr'>una</span> <span class='ocrx_word' id='word_1_61' title='bbox 359 1115 456 1142; x_wconf 91' lang='lat' dir='ltr'>cum</span> <span class='ocrx_word' id='word_1_62' title='bbox 492 1099 579 1142; x_wconf 88' lang='lat' dir='ltr'>illis</span> <span class='ocrx_word' id='word_1_63' title='bbox 611 1099 906 1142; x_wconf 79' lang='lat' dir='ltr'>celeberrimis</span> <span class='ocrx_word' id='word_1_64' title='bbox 940 1099 1210 1143; x_wconf 85' lang='lat' dir='ltr'>Graecorum</span> <span class='ocrx_word' id='word_1_65' title='bbox 1243 1100 1387 1158; x_wconf 70' lang='lat' dir='ltr'>poetis</span> <span class='ocrx_word' id='word_1_66' title='bbox 1421 1100 1632 1152; x_wconf 83' lang='lat' dir='ltr'>nominat,</span> <span class='ocrx_word' id='word_1_67' title='bbox 1667 1098 1781 1142; x_wconf 87' lang='lat' dir='ltr'>unde</span> <span class='ocrx_word' id='word_1_68' title='bbox 1810 1099 1941 1143; x_wconf 83' lang='lat' dir='ltr'>etiam</span> <span class='ocrx_word' id='word_1_69' title='bbox 1980 1100 2090 1143; x_wconf 75' lang='lat' dir='ltr'>satis</span> <span class='ocrx_word' id='word_1_70' title='bbox 2120 1092 2226 1166; x_wconf 67' lang='lat' dir='ltr'>per&#39;</span> 
     </span>
     <span class='ocr_line' id='line_1_11' title="bbox 238 1169 2236 1230; baseline 0 -18"><span class='ocrx_word' id='word_1_71' title='bbox 238 1170 437 1228; x_wconf 84' lang='lat' dir='ltr'>spicuum</span> <span class='ocrx_word' id='word_1_72' title='bbox 472 1171 519 1212; x_wconf 83' lang='lat' dir='ltr'>fit</span> <span class='ocrx_word' id='word_1_73' title='bbox 553 1170 756 1211; x_wconf 86' lang='lat' dir='ltr'>Ciceroni</span> <span class='ocrx_word' id='word_1_74' title='bbox 793 1169 1014 1227; x_wconf 85' lang='lat' dir='ltr'>quandam</span> <span class='ocrx_word' id='word_1_75' title='bbox 1047 1171 1260 1212; x_wconf 89' lang='lat' dir='ltr'>rationem</span> <span class='ocrx_word' id='word_1_76' title='bbox 1293 1171 1407 1212; x_wconf 86' lang='lat' dir='ltr'>inter</span> <span class='ocrx_word' id='word_1_77' title='bbox 1436 1170 1706 1226; x_wconf 86' lang='lat' dir='ltr'>tragoediam</span> <span class='ocrx_word' id='word_1_78' title='bbox 1738 1170 1952 1214; x_wconf 84' lang='lat' dir='ltr'>Graecam</span> <span class='ocrx_word' id='word_1_79' title='bbox 1984 1176 2028 1212; x_wconf 86' lang='lat' dir='ltr'>et</span> <span class='ocrx_word' id='word_1_80' title='bbox 2058 1169 2236 1230; x_wconf 24' lang='lat' dir='ltr'>Roma—-</span> 
     </span>
     <span class='ocr_line' id='line_1_12' title="bbox 237 1238 2231 1299; baseline 0.001 -16"><span class='ocrx_word' id='word_1_81' title='bbox 237 1257 335 1284; x_wconf 89' lang='lat' dir='ltr'>nam</span> <span class='ocrx_word' id='word_1_82' title='bbox 368 1241 636 1284; x_wconf 76' lang='lat' dir='ltr'>intercedere</span> <span class='ocrx_word' id='word_1_83' title='bbox 669 1257 926 1299; x_wconf 84' lang='lat' dir='ltr'>persuasum</span> <span class='ocrx_word' id='word_1_84' title='bbox 957 1242 1110 1284; x_wconf 68' lang='lat' dir='ltr'>fuisse.</span> <span class='ocrx_word' id='word_1_85' title='bbox 1157 1240 1259 1294; x_wconf 90' lang='lat' dir='ltr'>Sed,</span> <span class='ocrx_word' id='word_1_86' title='bbox 1299 1247 1348 1284; x_wconf 88' lang='lat' dir='ltr'>ut</span> <span class='ocrx_word' id='word_1_87' title='bbox 1378 1256 1467 1284; x_wconf 88' lang='lat' dir='ltr'>rem</span> <span class='ocrx_word' id='word_1_88' title='bbox 1500 1242 1642 1298; x_wconf 81' lang='lat' dir='ltr'>ipsam</span> <span class='ocrx_word' id='word_1_89' title='bbox 1676 1240 1920 1284; x_wconf 82' lang='lat' dir='ltr'>accuratius</span> <span class='ocrx_word' id='word_1_90' title='bbox 1952 1238 2231 1293; x_wconf 39' lang='lat' dir='ltr'>definiamus&amp;</span> 
     </span>
     <span class='ocr_line' id='line_1_13' title="bbox 236 1306 2228 1371; baseline -0.001 -17"><span class='ocrx_word' id='word_1_91' title='bbox 236 1312 350 1354; x_wconf 87' lang='lat' dir='ltr'>alter</span> <span class='ocrx_word' id='word_1_92' title='bbox 379 1312 503 1354; x_wconf 89' lang='lat' dir='ltr'>locus</span> <span class='ocrx_word' id='word_1_93' title='bbox 553 1311 680 1354; x_wconf 88' lang='lat' dir='ltr'>nobis</span> <span class='ocrx_word' id='word_1_94' title='bbox 714 1311 1003 1369; x_wconf 73' lang='lat' dir='ltr'>proferendus</span> <span class='ocrx_word' id='word_1_95' title='bbox 1037 1312 1131 1364; x_wconf 91' lang='lat' dir='ltr'>erit,</span> <span class='ocrx_word' id='word_1_96' title='bbox 1179 1311 1255 1371; x_wconf 91' lang='lat' dir='ltr'>qui</span> <span class='ocrx_word' id='word_1_97' title='bbox 1302 1311 1357 1355; x_wconf 87' lang='lat' dir='ltr'>ad</span> <span class='ocrx_word' id='word_1_98' title='bbox 1391 1311 1711 1370; x_wconf 82' lang='lat' dir='ltr'>explanandam</span> <span class='ocrx_word' id='word_1_99' title='bbox 1754 1311 2053 1370; x_wconf 82' lang='lat' dir='ltr'>quaestione-m</span> <span class='ocrx_word' id='word_1_100' title='bbox 2102 1306 2228 1370; x_wconf 65' lang='lat' dir='ltr'>haud}</span> 
     </span>
     <span class='ocr_line' id='line_1_14' title="bbox 236 1382 2231 1442; baseline -0.001 -15"><span class='ocrx_word' id='word_1_101' title='bbox 236 1384 363 1442; x_wconf 86' lang='lat' dir='ltr'>parvi</span> <span class='ocrx_word' id='word_1_102' title='bbox 396 1384 605 1427; x_wconf 84' lang='lat' dir='ltr'>momenti</span> <span class='ocrx_word' id='word_1_103' title='bbox 638 1398 733 1427; x_wconf 88' lang='lat' dir='ltr'>esse</span> <span class='ocrx_word' id='word_1_104' title='bbox 779 1382 965 1427; x_wconf 87' lang='lat' dir='ltr'>videtur.</span> <span class='ocrx_word' id='word_1_105' title='bbox 1015 1382 1219 1427; x_wconf 87' lang='lat' dir='ltr'>Academ.</span> <span class='ocrx_word' id='word_1_106' title='bbox 1253 1383 1386 1441; x_wconf 88' lang='lat' dir='ltr'>prior.</span> <span class='ocrx_word' id='word_1_107' title='bbox 1420 1382 1454 1437; x_wconf 88' lang='grc' dir='ltr'>Ι,</span> <span class='ocrx_word' id='word_1_108' title='bbox 1503 1383 1542 1427; x_wconf 84' lang='grc'>3.</span> <span class='ocrx_word' id='word_1_109' title='bbox 1577 1384 1633 1428; x_wconf 91' lang='grc'>10</span> <span class='ocrx_word' id='word_1_110' title='bbox 1664 1384 1798 1439; x_wconf 87' lang='lat' dir='ltr'>enim,</span> <span class='ocrx_word' id='word_1_111' title='bbox 1841 1382 1914 1426; x_wconf 89' lang='lat' dir='ltr'>ubi</span> <span class='ocrx_word' id='word_1_112' title='bbox 1946 1387 2231 1435; x_wconf 80' lang='lat' dir='ltr'>contraeos,‘</span> 
     </span>
     <span class='ocr_line' id='line_1_15' title="bbox 236 1453 2219 1512; baseline 0 -16"><span class='ocrx_word' id='word_1_113' title='bbox 236 1455 310 1512; x_wconf 88' lang='lat' dir='ltr'>qui</span> <span class='ocrx_word' id='word_1_114' title='bbox 344 1455 526 1496; x_wconf 87' lang='lat' dir='ltr'>nimium</span> <span class='ocrx_word' id='word_1_115' title='bbox 560 1453 716 1511; x_wconf 86' lang='lat' dir='ltr'>cupide</span> <span class='ocrx_word' id='word_1_116' title='bbox 753 1454 898 1496; x_wconf 84' lang='lat' dir='ltr'>omnia</span> <span class='ocrx_word' id='word_1_117' title='bbox 932 1468 1026 1495; x_wconf 88' lang='lat' dir='ltr'>esse</span> <span class='ocrx_word' id='word_1_118' title='bbox 1059 1453 1256 1496; x_wconf 87' lang='lat' dir='ltr'>Romana</span> <span class='ocrx_word' id='word_1_119' title='bbox 1306 1454 1639 1506; x_wconf 82' lang='lat' dir='ltr'>contendebant,</span> <span class='ocrx_word' id='word_1_120' title='bbox 1685 1453 1918 1512; x_wconf 86' lang='lat' dir='ltr'>disputat,</span> <span class='ocrx_word' id='word_1_121' title='bbox 1946 1458 2097 1510; x_wconf 64' lang='lat' dir='ltr'>poetas</span> <span class='ocrx_word' id='word_1_122' title='bbox 2132 1454 2219 1496; x_wconf 82' lang='lat' dir='ltr'>Ro-</span> 
     </span>
     <span class='ocr_line' id='line_1_16' title="bbox 237 1523 2215 1583; baseline -0.001 -14"><span class='ocrx_word' id='word_1_123' title='bbox 237 1536 389 1569; x_wconf 86' lang='lat' dir='ltr'>manos</span> <span class='ocrx_word' id='word_1_124' title='bbox 442 1527 563 1583; x_wconf 82' lang='lat' dir='ltr'>ipsos</span> <span class='ocrx_word' id='word_1_125' title='bbox 596 1526 787 1581; x_wconf 81' lang='lat' dir='ltr'>tragicos</span> <span class='ocrx_word' id='word_1_126' title='bbox 834 1524 904 1567; x_wconf 87' lang='lat' dir='ltr'>his</span> <span class='ocrx_word' id='word_1_127' title='bbox 936 1524 1084 1568; x_wconf 81' lang='lat' dir='ltr'>verbis</span> <span class='ocrx_word' id='word_1_128' title='bbox 1117 1524 1340 1568; x_wconf 73' lang='lat' dir='ltr'>defendit.</span> <span class='ocrx_word' id='word_1_129' title='bbox 1389 1524 1599 1578; x_wconf 89' lang='lat' dir='ltr'>‚,Ennius‚</span> <span class='ocrx_word' id='word_1_130' title='bbox 1646 1524 1882 1578; x_wconf 85' lang='lat' dir='ltr'>Pacuvius,</span> <span class='ocrx_word' id='word_1_131' title='bbox 1933 1523 2096 1569; x_wconf 85' lang='lat' dir='ltr'>Accius</span> <span class='ocrx_word' id='word_1_132' title='bbox 2126 1538 2215 1568; x_wconf 88' lang='lat' dir='ltr'>non</span> 
     </span>
     <span class='ocr_line' id='line_1_17' title="bbox 236 1583 2236 1656; baseline -0.002 -16"><span class='ocrx_word' id='word_1_133' title='bbox 236 1597 384 1650; x_wconf 92' lang='lat' dir='ltr'>verba,</span> <span class='ocrx_word' id='word_1_134' title='bbox 416 1596 490 1640; x_wconf 85' lang='lat' dir='ltr'>sed</span> <span class='ocrx_word' id='word_1_135' title='bbox 528 1598 615 1640; x_wconf 89' lang='lat' dir='ltr'>vim</span> <span class='ocrx_word' id='word_1_136' title='bbox 650 1595 921 1640; x_wconf 84' lang='lat' dir='ltr'>Graecorum</span> <span class='ocrx_word' id='word_1_137' title='bbox 952 1602 1297 1654; x_wconf 86' lang='lat' dir='ltr'>expresserunt“.</span> <span class='ocrx_word' id='word_1_138' title='bbox 1358 1596 1490 1641; x_wconf 88' lang='lat' dir='ltr'>Ultro</span> <span class='ocrx_word' id='word_1_139' title='bbox 1521 1603 1704 1656; x_wconf 85' lang='lat' dir='ltr'>apparet</span> <span class='ocrx_word' id='word_1_140' title='bbox 1742 1596 1810 1639; x_wconf 88' lang='lat' dir='ltr'>his</span> <span class='ocrx_word' id='word_1_141' title='bbox 1843 1595 1990 1640; x_wconf 87' lang='lat' dir='ltr'>verbis</span> <span class='ocrx_word' id='word_1_142' title='bbox 2022 1583 2236 1653; x_wconf 57' lang='lat' dir='ltr'>indicari,</span> 
     </span>
     <span class='ocr_line' id='line_1_18' title="bbox 236 1651 2218 1726; baseline 0 -16"><span class='ocrx_word' id='word_1_143' title='bbox 236 1682 323 1726; x_wconf 91' lang='lat' dir='ltr'>qua</span> <span class='ocrx_word' id='word_1_144' title='bbox 356 1667 526 1710; x_wconf 86' lang='lat' dir='ltr'>ratione</span> <span class='ocrx_word' id='word_1_145' title='bbox 575 1668 759 1710; x_wconf 83' lang='lat' dir='ltr'>Latinos</span> <span class='ocrx_word' id='word_1_146' title='bbox 790 1667 1059 1710; x_wconf 86' lang='lat' dir='ltr'>Graecorum</span> <span class='ocrx_word' id='word_1_147' title='bbox 1107 1667 1280 1710; x_wconf 70' lang='lat' dir='ltr'>fabulas</span> <span class='ocrx_word' id='word_1_148' title='bbox 1331 1669 1374 1709; x_wconf 90' lang='lat' dir='ltr'>in</span> <span class='ocrx_word' id='word_1_149' title='bbox 1421 1682 1662 1710; x_wconf 87' lang='lat' dir='ltr'>sermonem</span> <span class='ocrx_word' id='word_1_150' title='bbox 1707 1651 1899 1725; x_wconf 89' lang='lat' dir='ltr'>patrium</span> <span class='ocrx_word' id='word_1_151' title='bbox 1949 1668 2218 1710; x_wconf 85' lang='lat' dir='ltr'>convertisse</span> 
     </span>
     <span class='ocr_line' id='line_1_19' title="bbox 237 1736 2219 1796; baseline 0 -15"><span class='ocrx_word' id='word_1_152' title='bbox 237 1738 393 1781; x_wconf 87' lang='lat' dir='ltr'>Cicero</span> <span class='ocrx_word' id='word_1_153' title='bbox 426 1739 623 1781; x_wconf 83' lang='lat' dir='ltr'>senserit.</span> <span class='ocrx_word' id='word_1_154' title='bbox 679 1740 746 1781; x_wconf 91' lang='lat' dir='ltr'>Ac</span> <span class='ocrx_word' id='word_1_155' title='bbox 777 1739 965 1796; x_wconf 90' lang='lat' dir='ltr'>primum</span> <span class='ocrx_word' id='word_1_156' title='bbox 999 1737 1173 1795; x_wconf 88' lang='lat' dir='ltr'>quidem</span> <span class='ocrx_word' id='word_1_157' title='bbox 1209 1739 1336 1781; x_wconf 91' lang='lat' dir='ltr'>nobis</span> <span class='ocrx_word' id='word_1_158' title='bbox 1384 1737 1664 1781; x_wconf 90' lang='lat' dir='ltr'>statuendum</span> <span class='ocrx_word' id='word_1_159' title='bbox 1697 1740 1792 1791; x_wconf 88' lang='lat' dir='ltr'>erit,</span> <span class='ocrx_word' id='word_1_160' title='bbox 1838 1736 1943 1795; x_wconf 89' lang='lat' dir='ltr'>quid</span> <span class='ocrx_word' id='word_1_161' title='bbox 1977 1737 2060 1782; x_wconf 82' lang='lat' dir='ltr'>sibi</span> <span class='ocrx_word' id='word_1_162' title='bbox 2111 1736 2219 1795; x_wconf 83' lang='lat' dir='ltr'>velit</span> 
     </span>
     <span class='ocr_line' id='line_1_20' title="bbox 234 1791 2216 1868; baseline 0 -17"><span class='ocrx_word' id='word_1_163' title='bbox 234 1808 309 1851; x_wconf 87' lang='lat' dir='ltr'>illa</span> <span class='ocrx_word' id='word_1_164' title='bbox 342 1810 423 1861; x_wconf 89' lang='lat' dir='ltr'>vis,</span> <span class='ocrx_word' id='word_1_165' title='bbox 457 1824 587 1867; x_wconf 88' lang='lat' dir='ltr'>quam</span> <span class='ocrx_word' id='word_1_166' title='bbox 620 1809 918 1853; x_wconf 85' lang='lat' dir='ltr'>Romanorum</span> <span class='ocrx_word' id='word_1_167' title='bbox 951 1813 1105 1867; x_wconf 70' lang='lat' dir='ltr'>poetas</span> <span class='ocrx_word' id='word_1_168' title='bbox 1138 1824 1161 1852; x_wconf 92' lang='lat' dir='ltr'>e</span> <span class='ocrx_word' id='word_1_169' title='bbox 1192 1809 1375 1853; x_wconf 87' lang='lat' dir='ltr'>Graecis</span> <span class='ocrx_word' id='word_1_170' title='bbox 1407 1810 1682 1868; x_wconf 72' lang='lat' dir='ltr'>expressisse</span> <span class='ocrx_word' id='word_1_171' title='bbox 1712 1809 1866 1854; x_wconf 85' lang='lat' dir='ltr'>Cicero</span> <span class='ocrx_word' id='word_1_172' title='bbox 1898 1809 2097 1853; x_wconf 77' lang='lat' dir='ltr'>affirmat.</span> <span class='ocrx_word' id='word_1_173' title='bbox 2128 1791 2216 1852; x_wconf 77' lang='lat' dir='ltr'>His</span> 
     </span>
     <span class='ocr_line' id='line_1_21' title="bbox 234 1879 2219 1939; baseline 0 -17"><span class='ocrx_word' id='word_1_174' title='bbox 234 1879 386 1923; x_wconf 84' lang='lat' dir='ltr'>verbis</span> <span class='ocrx_word' id='word_1_175' title='bbox 420 1879 678 1923; x_wconf 89' lang='lat' dir='ltr'>subiecerim</span> <span class='ocrx_word' id='word_1_176' title='bbox 711 1894 886 1923; x_wconf 87' lang='lat' dir='ltr'>sensum</span> <span class='ocrx_word' id='word_1_177' title='bbox 920 1879 1060 1924; x_wconf 89' lang='lat' dir='ltr'>hunc:</span> <span class='ocrx_word' id='word_1_178' title='bbox 1110 1881 1297 1938; x_wconf 86' lang='lat' dir='ltr'>tragicos</span> <span class='ocrx_word' id='word_1_179' title='bbox 1330 1881 1632 1924; x_wconf 89' lang='lat' dir='ltr'>Romanorum</span> <span class='ocrx_word' id='word_1_180' title='bbox 1664 1885 1816 1939; x_wconf 70' lang='lat' dir='ltr'>poetas</span> <span class='ocrx_word' id='word_1_181' title='bbox 1848 1894 1934 1922; x_wconf 90' lang='lat' dir='ltr'>non</span> <span class='ocrx_word' id='word_1_182' title='bbox 1968 1880 2062 1923; x_wconf 88' lang='lat' dir='ltr'>sola</span> <span class='ocrx_word' id='word_1_183' title='bbox 2094 1880 2219 1922; x_wconf 75' lang='lat' dir='ltr'>fabu-</span> 
     </span>
     <span class='ocr_line' id='line_1_22' title="bbox 232 1949 2228 2010; baseline 0 -17"><span class='ocrx_word' id='word_1_184' title='bbox 232 1952 371 1993; x_wconf 84' lang='lat' dir='ltr'>larum</span> <span class='ocrx_word' id='word_1_185' title='bbox 398 1951 667 1994; x_wconf 83' lang='lat' dir='ltr'>Graecarum</span> <span class='ocrx_word' id='word_1_186' title='bbox 699 1957 955 2007; x_wconf 88' lang='lat' dir='ltr'>argumenta</span> <span class='ocrx_word' id='word_1_187' title='bbox 986 1953 1031 1993; x_wconf 91' lang='lat' dir='ltr'>in</span> <span class='ocrx_word' id='word_1_188' title='bbox 1054 1967 1181 1994; x_wconf 88' lang='lat' dir='ltr'>usum</span> <span class='ocrx_word' id='word_1_189' title='bbox 1201 1967 1327 1994; x_wconf 89' lang='lat' dir='ltr'>suum</span> <span class='ocrx_word' id='word_1_190' title='bbox 1359 1953 1642 2004; x_wconf 88' lang='lat' dir='ltr'>convertisse,</span> <span class='ocrx_word' id='word_1_191' title='bbox 1674 1951 1750 1994; x_wconf 86' lang='lat' dir='ltr'>sed</span> <span class='ocrx_word' id='word_1_192' title='bbox 1773 1949 2096 2009; x_wconf 85' lang='lat' dir='ltr'>quodammodo</span> <span class='ocrx_word' id='word_1_193' title='bbox 2114 1966 2228 2010; x_wconf 60' lang='lat' dir='ltr'>con-5</span> 
     </span>
     <span class='ocr_line' id='line_1_23' title="bbox 235 2021 2215 2080; baseline 0.001 -17"><span class='ocrx_word' id='word_1_194' title='bbox 235 2021 478 2064; x_wconf 89' lang='lat' dir='ltr'>dendarum</span> <span class='ocrx_word' id='word_1_195' title='bbox 508 2021 757 2065; x_wconf 71' lang='lat' dir='ltr'>fabularum</span> <span class='ocrx_word' id='word_1_196' title='bbox 788 2022 1003 2065; x_wconf 89' lang='lat' dir='ltr'>rationem</span> <span class='ocrx_word' id='word_1_197' title='bbox 1036 2022 1220 2065; x_wconf 84' lang='lat' dir='ltr'>Graecis</span> <span class='ocrx_word' id='word_1_198' title='bbox 1253 2021 1477 2080; x_wconf 84' lang='lat' dir='ltr'>propriam</span> <span class='ocrx_word' id='word_1_199' title='bbox 1511 2027 1684 2065; x_wconf 83' lang='lat' dir='ltr'>secutos</span> <span class='ocrx_word' id='word_1_200' title='bbox 1718 2037 1826 2075; x_wconf 87' lang='lat' dir='ltr'>esse,</span> <span class='ocrx_word' id='word_1_201' title='bbox 1875 2023 1936 2066; x_wconf 87' lang='lat' dir='ltr'>ita</span> <span class='ocrx_word' id='word_1_202' title='bbox 1967 2026 2016 2065; x_wconf 80' lang='lat' dir='ltr'>ut</span> <span class='ocrx_word' id='word_1_203' title='bbox 2047 2035 2094 2064; x_wconf 89' lang='lat' dir='ltr'>re</span> <span class='ocrx_word' id='word_1_204' title='bbox 2124 2026 2215 2065; x_wconf 82' lang='lat' dir='ltr'>tra-</span> 
     </span>
     <span class='ocr_line' id='line_1_24' title="bbox 230 2091 2216 2150; baseline -0.001 -15"><span class='ocrx_word' id='word_1_205' title='bbox 230 2092 328 2149; x_wconf 85' lang='lat' dir='ltr'>gica</span> <span class='ocrx_word' id='word_1_206' title='bbox 358 2107 384 2135; x_wconf 91' lang='lat' dir='ltr'>a</span> <span class='ocrx_word' id='word_1_207' title='bbox 417 2091 599 2135; x_wconf 87' lang='lat' dir='ltr'>Graecis</span> <span class='ocrx_word' id='word_1_208' title='bbox 632 2098 811 2150; x_wconf 85' lang='lat' dir='ltr'>accepta</span> <span class='ocrx_word' id='word_1_209' title='bbox 832 2092 1016 2135; x_wconf 83' lang='lat' dir='ltr'>Romani</span> <span class='ocrx_word' id='word_1_210' title='bbox 1045 2107 1107 2144; x_wconf 89' lang='lat' dir='ltr'>ea,</span> <span class='ocrx_word' id='word_1_211' title='bbox 1139 2106 1251 2149; x_wconf 87' lang='lat' dir='ltr'>quae</span> <span class='ocrx_word' id='word_1_212' title='bbox 1272 2093 1515 2134; x_wconf 81' lang='lat' dir='ltr'>imitatione</span> <span class='ocrx_word' id='word_1_213' title='bbox 1545 2092 1680 2149; x_wconf 89' lang='lat' dir='ltr'>digna</span> <span class='ocrx_word' id='word_1_214' title='bbox 1710 2093 1981 2145; x_wconf 80' lang='lat' dir='ltr'>statuissent,</span> <span class='ocrx_word' id='word_1_215' title='bbox 2012 2092 2216 2147; x_wconf 66' lang='lat' dir='ltr'>Ciceroni</span> 
     </span>
     <span class='ocr_line' id='line_1_25' title="bbox 230 2162 2217 2208; baseline -0.001 -2"><span class='ocrx_word' id='word_1_216' title='bbox 230 2165 362 2206; x_wconf 88' lang='lat' dir='ltr'>etiam</span> <span class='ocrx_word' id='word_1_217' title='bbox 395 2164 577 2206; x_wconf 83' lang='lat' dir='ltr'>meliora</span> <span class='ocrx_word' id='word_1_218' title='bbox 607 2164 763 2207; x_wconf 80' lang='lat' dir='ltr'>fecisse</span> <span class='ocrx_word' id='word_1_219' title='bbox 794 2164 1062 2207; x_wconf 88' lang='lat' dir='ltr'>viderentur.</span> <span class='ocrx_word' id='word_1_220' title='bbox 1110 2163 1333 2207; x_wconf 85' lang='lat' dir='ltr'>Romanos</span> <span class='ocrx_word' id='word_1_221' title='bbox 1369 2179 1454 2206; x_wconf 89' lang='lat' dir='ltr'>non</span> <span class='ocrx_word' id='word_1_222' title='bbox 1488 2163 1710 2207; x_wconf 80' lang='lat' dir='ltr'>serviliter</span> <span class='ocrx_word' id='word_1_223' title='bbox 1744 2163 1942 2208; x_wconf 83' lang='lat' dir='ltr'>Graecos</span> <span class='ocrx_word' id='word_1_224' title='bbox 1991 2178 2086 2207; x_wconf 86' lang='lat' dir='ltr'>esse</span> <span class='ocrx_word' id='word_1_225' title='bbox 2118 2162 2217 2206; x_wconf 81' lang='lat' dir='ltr'>imi-</span> 
     </span>
     <span class='ocr_line' id='line_1_26' title="bbox 231 2233 2215 2294; baseline 0 -18"><span class='ocrx_word' id='word_1_226' title='bbox 231 2241 346 2277; x_wconf 84' lang='lat' dir='ltr'>tatos</span> <span class='ocrx_word' id='word_1_227' title='bbox 380 2235 536 2278; x_wconf 86' lang='lat' dir='ltr'>Cicero</span> <span class='ocrx_word' id='word_1_228' title='bbox 555 2234 746 2287; x_wconf 83' lang='lat' dir='ltr'>iudicat,</span> <span class='ocrx_word' id='word_1_229' title='bbox 779 2234 854 2278; x_wconf 89' lang='lat' dir='ltr'>sed</span> <span class='ocrx_word' id='word_1_230' title='bbox 889 2236 979 2277; x_wconf 89' lang='lat' dir='ltr'>vim</span> <span class='ocrx_word' id='word_1_231' title='bbox 1012 2234 1281 2278; x_wconf 86' lang='lat' dir='ltr'>Graecorum</span> <span class='ocrx_word' id='word_1_232' title='bbox 1313 2249 1365 2278; x_wconf 90' lang='lat' dir='ltr'>eo</span> <span class='ocrx_word' id='word_1_233' title='bbox 1396 2236 1678 2293; x_wconf 76' lang='lat' dir='ltr'>expressisse,</span> <span class='ocrx_word' id='word_1_234' title='bbox 1709 2235 1827 2293; x_wconf 88' lang='lat' dir='ltr'>quod</span> <span class='ocrx_word' id='word_1_235' title='bbox 1855 2233 2007 2279; x_wconf 87' lang='lat' dir='ltr'>eodem</span> <span class='ocrx_word' id='word_1_236' title='bbox 2039 2246 2215 2294; x_wconf 79' lang='lat' dir='ltr'>quoque</span> 
     </span>
     <span class='ocr_line' id='line_1_27' title="bbox 232 2296 2222 2365; baseline -0.001 -18"><span class='ocrx_word' id='word_1_237' title='bbox 232 2305 362 2348; x_wconf 91' lang='lat' dir='ltr'>modo</span> <span class='ocrx_word' id='word_1_238' title='bbox 395 2312 527 2364; x_wconf 87' lang='lat' dir='ltr'>atque</span> <span class='ocrx_word' id='word_1_239' title='bbox 545 2306 608 2348; x_wconf 91' lang='lat' dir='ltr'>illi</span> <span class='ocrx_word' id='word_1_240' title='bbox 643 2307 934 2364; x_wconf 79' lang='lat' dir='ltr'>spectantium</span> <span class='ocrx_word' id='word_1_241' title='bbox 958 2307 1127 2349; x_wconf 90' lang='lat' dir='ltr'>animos</span> <span class='ocrx_word' id='word_1_242' title='bbox 1146 2321 1402 2364; x_wconf 81' lang='lat' dir='ltr'>permovere</span> <span class='ocrx_word' id='word_1_243' title='bbox 1421 2305 1647 2350; x_wconf 89' lang='lat' dir='ltr'>studerent</span> <span class='ocrx_word' id='word_1_244' title='bbox 1664 2322 1806 2365; x_wconf 89' lang='lat' dir='ltr'>neque</span> <span class='ocrx_word' id='word_1_245' title='bbox 1823 2306 1951 2351; x_wconf 83' lang='lat' dir='ltr'>anxie</span> <span class='ocrx_word' id='word_1_246' title='bbox 1968 2305 2024 2350; x_wconf 85' lang='lat' dir='ltr'>ad</span> <span class='ocrx_word' id='word_1_247' title='bbox 2045 2296 2222 2362; x_wconf 78' lang='lat' dir='ltr'>Graeca.</span> 
     </span>
     <span class='ocr_line' id='line_1_28' title="bbox 228 2374 2236 2435; baseline -0 -16"><span class='ocrx_word' id='word_1_248' title='bbox 228 2377 498 2434; x_wconf 85' lang='lat' dir='ltr'>exemplaria</span> <span class='ocrx_word' id='word_1_249' title='bbox 530 2384 792 2435; x_wconf 87' lang='lat' dir='ltr'>spectarent,</span> <span class='ocrx_word' id='word_1_250' title='bbox 832 2376 914 2420; x_wconf 80' lang='lat' dir='ltr'>sed</span> <span class='ocrx_word' id='word_1_251' title='bbox 950 2376 1104 2421; x_wconf 86' lang='lat' dir='ltr'>iisdem</span> <span class='ocrx_word' id='word_1_252' title='bbox 1137 2377 1307 2422; x_wconf 84' lang='lat' dir='ltr'>tantum</span> <span class='ocrx_word' id='word_1_253' title='bbox 1340 2378 1607 2435; x_wconf 87' lang='lat' dir='ltr'>argumentis</span> <span class='ocrx_word' id='word_1_254' title='bbox 1640 2378 1707 2422; x_wconf 86' lang='lat' dir='ltr'>usi</span> <span class='ocrx_word' id='word_1_255' title='bbox 1740 2392 1844 2422; x_wconf 89' lang='lat' dir='ltr'>suas</span> <span class='ocrx_word' id='word_1_256' title='bbox 1892 2376 2009 2420; x_wconf 87' lang='lat' dir='ltr'>vires</span> <span class='ocrx_word' id='word_1_257' title='bbox 2042 2374 2236 2435; x_wconf 56' lang='lat' dir='ltr'>experi-t</span> 
     </span>
     <span class='ocr_line' id='line_1_29' title="bbox 232 2447 2245 2508; baseline 0 -18"><span class='ocrx_word' id='word_1_258' title='bbox 232 2453 394 2506; x_wconf 90' lang='lat' dir='ltr'>rentur.</span> <span class='ocrx_word' id='word_1_259' title='bbox 444 2447 529 2490; x_wconf 87' lang='lat' dir='ltr'>Sed</span> <span class='ocrx_word' id='word_1_260' title='bbox 564 2448 667 2491; x_wconf 89' lang='lat' dir='ltr'>huic</span> <span class='ocrx_word' id='word_1_261' title='bbox 699 2449 955 2501; x_wconf 84' lang='lat' dir='ltr'>sententiae,</span> <span class='ocrx_word' id='word_1_262' title='bbox 1002 2464 1131 2506; x_wconf 92' lang='lat' dir='ltr'>quam</span> <span class='ocrx_word' id='word_1_263' title='bbox 1163 2449 1319 2493; x_wconf 87' lang='lat' dir='ltr'>Cicero</span> <span class='ocrx_word' id='word_1_264' title='bbox 1352 2450 1434 2491; x_wconf 91' lang='lat' dir='ltr'>hoc</span> <span class='ocrx_word' id='word_1_265' title='bbox 1465 2450 1562 2492; x_wconf 91' lang='lat' dir='ltr'>loco</span> <span class='ocrx_word' id='word_1_266' title='bbox 1610 2450 1823 2508; x_wconf 85' lang='lat' dir='ltr'>concepit,</span> <span class='ocrx_word' id='word_1_267' title='bbox 1873 2449 2048 2492; x_wconf 87' lang='lat' dir='ltr'>obstare</span> <span class='ocrx_word' id='word_1_268' title='bbox 2079 2454 2212 2506; x_wconf 87' lang='lat' dir='ltr'>atque</span> <span class='ocrx_word' id='word_1_269' title='bbox 2237 2454 2245 2465; x_wconf 84' lang='grc'><em>”</em></span> 
     </span>
     <span class='ocr_line' id='line_1_30' title="bbox 228 2517 2225 2579; baseline 0 -19"><span class='ocrx_word' id='word_1_270' title='bbox 228 2521 318 2561; x_wconf 72' lang='lat' dir='ltr'>iere</span> <span class='ocrx_word' id='word_1_271' title='bbox 351 2535 596 2576; x_wconf 87' lang='lat' dir='ltr'>repugnare</span> <span class='ocrx_word' id='word_1_272' title='bbox 629 2519 804 2562; x_wconf 88' lang='lat' dir='ltr'>videtur</span> <span class='ocrx_word' id='word_1_273' title='bbox 835 2520 948 2563; x_wconf 89' lang='lat' dir='ltr'>alius</span> <span class='ocrx_word' id='word_1_274' title='bbox 981 2520 1102 2563; x_wconf 84' lang='lat' dir='ltr'>locus</span> <span class='ocrx_word' id='word_1_275' title='bbox 1135 2520 1189 2562; x_wconf 90' lang='lat' dir='ltr'>de</span> <span class='ocrx_word' id='word_1_276' title='bbox 1221 2521 1292 2563; x_wconf 90' lang='lat' dir='ltr'>fin.</span> <span class='ocrx_word' id='word_1_277' title='bbox 1332 2523 1367 2563; x_wconf 94' lang='grc'>1.</span> <span class='ocrx_word' id='word_1_278' title='bbox 1401 2523 1439 2563; x_wconf 82' lang='grc'>2.</span> <span class='ocrx_word' id='word_1_279' title='bbox 1469 2522 1510 2572; x_wconf 91' lang='lat'>4,</span> <span class='ocrx_word' id='word_1_280' title='bbox 1543 2520 1619 2563; x_wconf 84' lang='lat' dir='ltr'>ubi</span> <span class='ocrx_word' id='word_1_281' title='bbox 1652 2526 1803 2563; x_wconf 88' lang='lat' dir='ltr'>contra</span> <span class='ocrx_word' id='word_1_282' title='bbox 1823 2520 1922 2563; x_wconf 87' lang='lat' dir='ltr'>illos</span> <span class='ocrx_word' id='word_1_283' title='bbox 1956 2517 2225 2579; x_wconf 69' lang='lat' dir='ltr'>Graeculos,</span> 
     </span>
     <span class='ocr_line' id='line_1_31' title="bbox 228 2581 2211 2670; baseline -0.001 -37"><span class='ocrx_word' id='word_1_284' title='bbox 228 2591 302 2647; x_wconf 90' lang='lat' dir='ltr'>qui</span> <span class='ocrx_word' id='word_1_285' title='bbox 337 2591 502 2670; x_wconf 83' lang='lat' dir='ltr'>scripta</span> <span class='ocrx_word' id='word_1_286' title='bbox 533 2591 695 2634; x_wconf 88' lang='lat' dir='ltr'>Latina</span> <span class='ocrx_word' id='word_1_287' title='bbox 746 2591 923 2634; x_wconf 90' lang='lat' dir='ltr'>omnino</span> <span class='ocrx_word' id='word_1_288' title='bbox 957 2581 1307 2644; x_wconf 87' lang='lat' dir='ltr'>contemnebant,</span> <span class='ocrx_word' id='word_1_289' title='bbox 1339 2590 1571 2650; x_wconf 88' lang='lat' dir='ltr'>disputans</span> <span class='ocrx_word' id='word_1_290' title='bbox 1606 2606 1652 2635; x_wconf 88' lang='lat' dir='ltr'>se</span> <span class='ocrx_word' id='word_1_291' title='bbox 1685 2591 1831 2635; x_wconf 89' lang='lat' dir='ltr'>mirari</span> <span class='ocrx_word' id='word_1_292' title='bbox 1866 2589 1986 2644; x_wconf 85' lang='lat' dir='ltr'>dicit,</span> <span class='ocrx_word' id='word_1_293' title='bbox 2029 2604 2135 2643; x_wconf 88' lang='lat' dir='ltr'>„cur</span> <span class='ocrx_word' id='word_1_294' title='bbox 2167 2588 2211 2632; x_wconf 85' lang='lat' dir='ltr'>in</span> 
     </span>
     <span class='ocr_line' id='line_1_32' title="bbox 224 2657 2216 2719; baseline -0.001 -16"><span class='ocrx_word' id='word_1_295' title='bbox 224 2657 502 2718; x_wconf 75' lang='lat' dir='ltr'>gravissimis</span> <span class='ocrx_word' id='word_1_296' title='bbox 535 2676 621 2703; x_wconf 83' lang='lat' dir='ltr'>nun</span> <span class='ocrx_word' id='word_1_297' title='bbox 653 2662 842 2704; x_wconf 88' lang='lat' dir='ltr'>delectet</span> <span class='ocrx_word' id='word_1_298' title='bbox 873 2676 947 2704; x_wconf 90' lang='lat' dir='ltr'>eos</span> <span class='ocrx_word' id='word_1_299' title='bbox 980 2677 1124 2705; x_wconf 87' lang='lat' dir='ltr'>sermo</span> <span class='ocrx_word' id='word_1_300' title='bbox 1156 2664 1338 2719; x_wconf 86' lang='lat' dir='ltr'>patrius,</span> <span class='ocrx_word' id='word_1_301' title='bbox 1386 2678 1485 2706; x_wconf 89' lang='lat' dir='ltr'>cum</span> <span class='ocrx_word' id='word_1_302' title='bbox 1517 2662 1701 2707; x_wconf 85' lang='lat' dir='ltr'>fabellas</span> <span class='ocrx_word' id='word_1_303' title='bbox 1730 2663 1915 2705; x_wconf 84' lang='lat' dir='ltr'>Latinas</span> <span class='ocrx_word' id='word_1_304' title='bbox 1962 2661 2032 2704; x_wconf 88' lang='lat' dir='ltr'>ad</span> <span class='ocrx_word' id='word_1_305' title='bbox 2081 2676 2110 2702; x_wconf 82' lang='lat' dir='ltr'>v</span> <span class='ocrx_word' id='word_1_306' title='bbox 2130 2674 2216 2702; x_wconf 89' lang='lat' dir='ltr'>er-</span> 
     </span>
    </p>
   </div>
   <div class='ocr_carea' id='block_1_5' title="bbox 222 2745 2365 3151">
    <p class='ocr_par' dir='ltr' id='par_1_5' title="bbox 373 2745 2363 2793">
     <span class='ocr_line' id='line_1_33' title="bbox 373 2745 2267 2791; baseline 0.001 -12"><span class='ocrx_word' id='word_1_307' title='bbox 373 2747 399 2791; x_wconf 87' lang='lat'>¹)</span> <span class='ocrx_word' id='word_1_308' title='bbox 425 2745 467 2781; x_wconf 80' lang='lat' dir='ltr'>cs.</span> <span class='ocrx_word' id='word_1_309' title='bbox 496 2746 615 2790; x_wconf 89' lang='lat' dir='ltr'>Lange</span> <span class='ocrx_word' id='word_1_310' title='bbox 640 2759 673 2791; x_wconf 90' lang='lat' dir='ltr'>p.</span> <span class='ocrx_word' id='word_1_311' title='bbox 700 2746 732 2783; x_wconf 80' lang='lat'>6.</span> <span class='ocrx_word' id='word_1_312' title='bbox 2254 2778 2267 2780; x_wconf 15' lang='grc' dir='ltr'>γ.</span> 
     </span>
    </p>

    <p class='ocr_par' dir='ltr' id='par_1_6' title="bbox 222 2795 2366 3151">
     <span class='ocr_line' id='line_1_34' title="bbox 369 2803 2336 2851; baseline 0.003 -13"><span class='ocrx_word' id='word_1_313' title='bbox 369 2806 398 2850; x_wconf 85' lang='lat'>¹)</span> <span class='ocrx_word' id='word_1_314' title='bbox 422 2805 466 2841; x_wconf 82' lang='lat' dir='ltr'>cf</span> <span class='ocrx_word' id='word_1_315' title='bbox 493 2805 538 2839; x_wconf 92' lang='lat' dir='ltr'>de</span> <span class='ocrx_word' id='word_1_316' title='bbox 562 2805 609 2839; x_wconf 88' lang='lat' dir='ltr'>fin</span> <span class='ocrx_word' id='word_1_317' title='bbox 636 2805 666 2848; x_wconf 93' lang='grc' dir='ltr'>Ι,</span> <span class='ocrx_word' id='word_1_318' title='bbox 692 2806 724 2847; x_wconf 82' lang='grc'>2,</span> <span class='ocrx_word' id='word_1_319' title='bbox 752 2806 787 2850; x_wconf 86' lang='grc'>4,</span> <span class='ocrx_word' id='word_1_320' title='bbox 813 2806 857 2841; x_wconf 90' lang='lat' dir='ltr'>de</span> <span class='ocrx_word' id='word_1_321' title='bbox 881 2813 953 2851; x_wconf 83' lang='lat' dir='ltr'>opt.</span> <span class='ocrx_word' id='word_1_322' title='bbox 980 2819 1012 2851; x_wconf 87' lang='lat' dir='ltr'>g.</span> <span class='ocrx_word' id='word_1_323' title='bbox 1038 2819 1087 2843; x_wconf 91' lang='lat' dir='ltr'>or.</span> <span class='ocrx_word' id='word_1_324' title='bbox 1116 2807 1148 2851; x_wconf 87' lang='lat'>6,</span> <span class='ocrx_word' id='word_1_325' title='bbox 1176 2807 1232 2851; x_wconf 84' lang='lat'>18,</span> <span class='ocrx_word' id='word_1_326' title='bbox 1259 2807 1318 2842; x_wconf 87' lang='lat' dir='ltr'>ubi</span> <span class='ocrx_word' id='word_1_327' title='bbox 1343 2807 1536 2842; x_wconf 73' lang='lat' dir='ltr'>oratoribuz</span> <span class='ocrx_word' id='word_1_328' title='bbox 1564 2807 1695 2850; x_wconf 81' lang='lat' dir='ltr'>suadet,</span> <span class='ocrx_word' id='word_1_329' title='bbox 1730 2812 1769 2841; x_wconf 83' lang='lat' dir='ltr'>ut</span> <span class='ocrx_word' id='word_1_330' title='bbox 1793 2812 1945 2841; x_wconf 76' lang='lat' dir='ltr'>oratores</span> <span class='ocrx_word' id='word_1_331' title='bbox 1971 2803 2210 2841; x_wconf 67' lang='lat' dir='ltr'>celeber-:imos</span> <span class='ocrx_word' id='word_1_332' title='bbox 2288 2823 2366 2836; x_wconf 57' lang='lat' dir='ltr'>x</span> 
     </span>
     <span class='ocr_line' id='line_1_35' title="bbox 226 2851 2365 2916; baseline 0.002 -18"><span class='ocrx_word' id='word_1_333' title='bbox 226 2865 381 2899; x_wconf 80' lang='lat' dir='ltr'>Graecos</span> <span class='ocrx_word' id='word_1_334' title='bbox 406 2864 637 2908; x_wconf 84' lang='lat' dir='ltr'>imitarentur,</span> <span class='ocrx_word' id='word_1_335' title='bbox 672 2865 873 2910; x_wconf 79' lang='lat' dir='ltr'>praesertim</span> <span class='ocrx_word' id='word_1_336' title='bbox 900 2866 989 2901; x_wconf 91' lang='lat' dir='ltr'>&#39;cum</span> <span class='ocrx_word' id='word_1_337' title='bbox 1016 2867 1152 2902; x_wconf 89' lang='lat' dir='ltr'>nullum</span> <span class='ocrx_word' id='word_1_338' title='bbox 1189 2866 1235 2901; x_wconf 84' lang='lat' dir='ltr'>sit</span> <span class='ocrx_word' id='word_1_339' title='bbox 1258 2866 1437 2902; x_wconf 77' lang='lat' dir='ltr'>fastidium</span> <span class='ocrx_word' id='word_1_340' title='bbox 1463 2866 1500 2901; x_wconf 92' lang='lat' dir='ltr'>in</span> <span class='ocrx_word' id='word_1_341' title='bbox 1527 2866 1682 2902; x_wconf 79' lang='lat' dir='ltr'>versibus</span> <span class='ocrx_word' id='word_1_342' title='bbox 1707 2868 1888 2912; x_wconf 65' lang='lat' dir='ltr'>poetarum</span> <span class='ocrx_word' id='word_1_343' title='bbox 1913 2865 2127 2901; x_wconf 75' lang='lat' dir='ltr'>Graecorum</span> <span class='ocrx_word' id='word_1_344' title='bbox 2149 2870 2209 2898; x_wconf 76' lang='lat' dir='ltr'>ex—</span> <span class='ocrx_word' id='word_1_345' title='bbox 2333 2851 2365 2916; x_wconf 44' lang='grc' dir='ltr'>ἶ</span> 
     </span>
     <span class='ocr_line' id='line_1_36' title="bbox 223 2918 2355 2978; baseline 0.002 -20"><span class='ocrx_word' id='word_1_346' title='bbox 223 2924 436 2970; x_wconf 85' lang='lat' dir='ltr'>primendis&#39;‚</span> <span class='ocrx_word' id='word_1_347' title='bbox 463 2930 650 2969; x_wconf 82' lang='lat' dir='ltr'>postquam</span> <span class='ocrx_word' id='word_1_348' title='bbox 674 2925 711 2959; x_wconf 89' lang='lat' dir='ltr'>in</span> <span class='ocrx_word' id='word_1_349' title='bbox 736 2925 798 2969; x_wconf 87' lang='lat' dir='ltr'>eis,</span> <span class='ocrx_word' id='word_1_350' title='bbox 824 2938 913 2970; x_wconf 87' lang='lat' dir='ltr'>quae</span> <span class='ocrx_word' id='word_1_351' title='bbox 938 2927 1157 2970; x_wconf 83' lang='lat' dir='ltr'>antecedunt,</span> <span class='ocrx_word' id='word_1_352' title='bbox 1184 2927 1270 2961; x_wconf 86' lang='lat' dir='ltr'>haec</span> <span class='ocrx_word' id='word_1_353' title='bbox 1294 2926 1430 2961; x_wconf 82' lang='lat' dir='ltr'>loeutus</span> <span class='ocrx_word' id='word_1_354' title='bbox 1456 2931 1525 2960; x_wconf 83' lang='lat' dir='ltr'>est:</span> <span class='ocrx_word' id='word_1_355' title='bbox 1553 2925 1672 2969; x_wconf 80' lang='lat' dir='ltr'>„Quid</span> <span class='ocrx_word' id='word_1_356' title='bbox 1696 2923 1780 2961; x_wconf 73' lang='lat' dir='ltr'>istas</span> <span class='ocrx_word' id='word_1_357' title='bbox 1805 2927 1866 2971; x_wconf 80' lang='lat' dir='ltr'>(se.</span> <span class='ocrx_word' id='word_1_358' title='bbox 1883 2924 2072 2970; x_wconf 78' lang='lat' dir='ltr'>orationes)</span> <span class='ocrx_word' id='word_1_359' title='bbox 2095 2922 2212 2970; x_wconf 76' lang='lat' dir='ltr'>potius</span> <span class='ocrx_word' id='word_1_360' title='bbox 2281 2918 2355 2978; x_wconf 39' lang='grc' dir='ltr'><strong><em>Λ</em></strong></span> 
     </span>
     <span class='ocr_line' id='line_1_37' title="bbox 222 2975 2234 3030; baseline -0 -12"><span class='ocrx_word' id='word_1_361' title='bbox 222 2984 335 3029; x_wconf 81' lang='lat' dir='ltr'>legam</span> <span class='ocrx_word' id='word_1_362' title='bbox 361 2996 467 3029; x_wconf 83' lang='lat' dir='ltr'>quam</span> <span class='ocrx_word' id='word_1_363' title='bbox 494 2984 676 3018; x_wconf 83' lang='lat' dir='ltr'>Graecas?</span> <span class='ocrx_word' id='word_1_364' title='bbox 702 2984 762 3020; x_wconf 87' lang='lat' dir='ltr'>sed</span> <span class='ocrx_word' id='word_1_365' title='bbox 787 2990 904 3020; x_wconf 79' lang='lat' dir='ltr'>tamen</span> <span class='ocrx_word' id='word_1_366' title='bbox 930 2984 1015 3020; x_wconf 80' lang='lat' dir='ltr'>item</span> <span class='ocrx_word' id='word_1_367' title='bbox 1041 2985 1214 3020; x_wconf 86' lang='lat' dir='ltr'>Andriam</span> <span class='ocrx_word' id='word_1_368' title='bbox 1231 2991 1266 3021; x_wconf 82' lang='lat' dir='ltr'>et</span> <span class='ocrx_word' id='word_1_369' title='bbox 1280 2984 1597 3030; x_wconf 64' lang='lat' dir='ltr'>Synephebosnec</span> <span class='ocrx_word' id='word_1_370' title='bbox 1610 2985 1728 3020; x_wconf 87' lang='lat' dir='ltr'>minus</span> <span class='ocrx_word' id='word_1_371' title='bbox 1741 2985 1957 3021; x_wconf 80' lang='lat' dir='ltr'>&#39;Terentium</span> <span class='ocrx_word' id='word_1_372' title='bbox 1970 2989 2005 3019; x_wconf 88' lang='lat' dir='ltr'>et</span> <span class='ocrx_word' id='word_1_373' title='bbox 2018 2982 2209 3025; x_wconf 69' lang='lat' dir='ltr'>Caedlium</span> <span class='ocrx_word' id='word_1_374' title='bbox 2231 2975 2234 2977; x_wconf 18' lang='lat' dir='ltr'>v</span> 
     </span>
     <span class='ocr_line' id='line_1_38' title="bbox 222 3041 2313 3090; baseline 0 -13"><span class='ocrx_word' id='word_1_375' title='bbox 222 3055 328 3088; x_wconf 88' lang='lat' dir='ltr'>quam</span> <span class='ocrx_word' id='word_1_376' title='bbox 355 3043 592 3078; x_wconf 84' lang='lat' dir='ltr'>Menandrum</span> <span class='ocrx_word' id='word_1_377' title='bbox 619 3043 750 3087; x_wconf 82' lang='lat' dir='ltr'>legunt,</span> <span class='ocrx_word' id='word_1_378' title='bbox 776 3056 840 3079; x_wconf 87' lang='lat' dir='ltr'>nec</span> <span class='ocrx_word' id='word_1_379' title='bbox 865 3044 1149 3080; x_wconf 76' lang='lat' dir='ltr'>Andromacham</span> <span class='ocrx_word' id='word_1_380' title='bbox 1173 3051 1234 3080; x_wconf 84' lang='lat' dir='ltr'>aut</span> <span class='ocrx_word' id='word_1_381' title='bbox 1252 3045 1446 3089; x_wconf 82' lang='lat' dir='ltr'>Antiopam</span> <span class='ocrx_word' id='word_1_382' title='bbox 1471 3050 1533 3079; x_wconf 79' lang='lat' dir='ltr'>aut</span> <span class='ocrx_word' id='word_1_383' title='bbox 1551 3044 1731 3090; x_wconf 80' lang='lat' dir='ltr'>Epigonos</span> <span class='ocrx_word' id='word_1_384' title='bbox 1745 3044 1890 3079; x_wconf 78' lang='lat' dir='ltr'>Latinos</span> <span class='ocrx_word' id='word_1_385' title='bbox 1915 3043 2077 3086; x_wconf 86' lang='lat' dir='ltr'>reiciunt,</span> <span class='ocrx_word' id='word_1_386' title='bbox 2102 3041 2216 3077; x_wconf 76' lang='lat' dir='ltr'>immo</span> <span class='ocrx_word' id='word_1_387' title='bbox 2288 3047 2313 3081; x_wconf 81' lang='grc'>,’”</span> 
     </span>
     <span class='ocr_line' id='line_1_39' title="bbox 223 3100 2106 3151; baseline 0.002 -15"><span class='ocrx_word' id='word_1_388' title='bbox 223 3102 382 3141; x_wconf 83' lang='lat' dir='ltr'>Ennium</span> <span class='ocrx_word' id='word_1_389' title='bbox 406 3107 442 3137; x_wconf 81' lang='lat' dir='ltr'>et</span> <span class='ocrx_word' id='word_1_390' title='bbox 466 3101 662 3139; x_wconf 77' lang='lat' dir='ltr'>Pacuvium</span> <span class='ocrx_word' id='word_1_391' title='bbox 686 3106 721 3137; x_wconf 85' lang='lat' dir='ltr'>et</span> <span class='ocrx_word' id='word_1_392' title='bbox 746 3103 891 3140; x_wconf 85' lang='lat' dir='ltr'>Accium</span> <span class='ocrx_word' id='word_1_393' title='bbox 917 3102 1043 3150; x_wconf 87' lang='lat' dir='ltr'>potius,</span> <span class='ocrx_word' id='word_1_394' title='bbox 1069 3100 1176 3151; x_wconf 87' lang='lat' dir='ltr'>quam</span> <span class='ocrx_word' id='word_1_395' title='bbox 1204 3102 1411 3150; x_wconf 85' lang='lat' dir='ltr'>Euripidem</span> <span class='ocrx_word' id='word_1_396' title='bbox 1436 3109 1471 3139; x_wconf 90' lang='lat' dir='ltr'>et</span> <span class='ocrx_word' id='word_1_397' title='bbox 1496 3103 1704 3150; x_wconf 87' lang='lat' dir='ltr'>Sophoclem</span> <span class='ocrx_word' id='word_1_398' title='bbox 1727 3104 1871 3150; x_wconf 60' lang='lat' dir='ltr'>legunt!</span> <span class='ocrx_word' id='word_1_399' title='bbox 2100 3101 2106 3103; x_wconf 17' lang='lat' dir='ltr'>i</span> 
     </span>
    </p>
   </div>
   <div class='ocr_carea' id='block_1_6' title="bbox 1702 759 2452 3690">
    <p class='ocr_par' dir='ltr' id='par_1_7' title="bbox 1702 759 2452 3690">
     <span class='ocr_line' id='line_1_40' title="bbox 2159 759 2452 928; baseline 0 0"><span class='ocrx_word' id='word_1_400' title='bbox 2159 759 2452 928; x_wconf 95' lang='lat' dir='ltr'>    </span> 
     </span>
     <span class='ocr_line' id='line_1_41' title="bbox 2220 928 2452 1045; baseline 0 0"><span class='ocrx_word' id='word_1_401' title='bbox 2220 928 2452 1045; x_wconf 95' lang='lat' dir='ltr'>   </span> 
     </span>
     <span class='ocr_line' id='line_1_42' title="bbox 2220 1045 2452 1116; baseline 0 2574"><span class='ocrx_word' id='word_1_402' title='bbox 2220 1045 2452 1116; x_wconf 95' lang='lat' dir='ltr'> </span> 
     </span>
     <span class='ocr_line' id='line_1_43' title="bbox 2199 1116 2452 1329; baseline 0 -189"><span class='ocrx_word' id='word_1_403' title='bbox 2199 1116 2452 1329; x_wconf 95' lang='lat' dir='ltr'>    </span> 
     </span>
     <span class='ocr_line' id='line_1_44' title="bbox 2232 1329 2452 1402; baseline 0 2288"><span class='ocrx_word' id='word_1_404' title='bbox 2232 1329 2452 1402; x_wconf 95' lang='lat' dir='ltr'> </span> 
     </span>
     <span class='ocr_line' id='line_1_45' title="bbox 2235 1402 2452 1472; baseline 0 2218"><span class='ocrx_word' id='word_1_405' title='bbox 2235 1402 2452 1472; x_wconf 95' lang='lat' dir='ltr'> </span> 
     </span>
     <span class='ocr_line' id='line_1_46' title="bbox 2240 1472 2452 1541; baseline 0 2149"><span class='ocrx_word' id='word_1_406' title='bbox 2240 1472 2452 1541; x_wconf 95' lang='lat' dir='ltr'> </span> 
     </span>
     <span class='ocr_line' id='line_1_47' title="bbox 2240 1541 2452 1605; baseline 0 2085"><span class='ocrx_word' id='word_1_407' title='bbox 2240 1541 2452 1605; x_wconf 95' lang='lat' dir='ltr'> </span> 
     </span>
     <span class='ocr_line' id='line_1_48' title="bbox 2240 1605 2452 1687; baseline 0 2003"><span class='ocrx_word' id='word_1_408' title='bbox 2240 1605 2452 1687; x_wconf 95' lang='lat' dir='ltr'> </span> 
     </span>
     <span class='ocr_line' id='line_1_49' title="bbox 2240 1687 2452 1755; baseline 0 1935"><span class='ocrx_word' id='word_1_409' title='bbox 2240 1687 2452 1755; x_wconf 95' lang='lat' dir='ltr'> </span> 
     </span>
     <span class='ocr_line' id='line_1_50' title="bbox 2240 1755 2452 1826; baseline 0 1864"><span class='ocrx_word' id='word_1_410' title='bbox 2240 1755 2452 1826; x_wconf 95' lang='lat' dir='ltr'> </span> 
     </span>
     <span class='ocr_line' id='line_1_51' title="bbox 2240 1826 2452 1898; baseline 0 1792"><span class='ocrx_word' id='word_1_411' title='bbox 2240 1826 2452 1898; x_wconf 95' lang='lat' dir='ltr'> </span> 
     </span>
     <span class='ocr_line' id='line_1_52' title="bbox 2240 1898 2452 1968; baseline 0 1722"><span class='ocrx_word' id='word_1_412' title='bbox 2240 1898 2452 1968; x_wconf 95' lang='lat' dir='ltr'> </span> 
     </span>
     <span class='ocr_line' id='line_1_53' title="bbox 2224 1968 2452 2039; baseline 0 1651"><span class='ocrx_word' id='word_1_413' title='bbox 2224 1968 2452 2039; x_wconf 95' lang='lat' dir='ltr'> </span> 
     </span>
     <span class='ocr_line' id='line_1_54' title="bbox 2224 2039 2452 2109; baseline 0 1581"><span class='ocrx_word' id='word_1_414' title='bbox 2224 2039 2452 2109; x_wconf 95' lang='lat' dir='ltr'> </span> 
     </span>
     <span class='ocr_line' id='line_1_55' title="bbox 2224 2109 2452 2230; baseline 0 0"><span class='ocrx_word' id='word_1_415' title='bbox 2224 2109 2452 2230; x_wconf 95' lang='lat' dir='ltr'>  </span> 
     </span>
     <span class='ocr_line' id='line_1_56' title="bbox 2224 2230 2452 2324; baseline 0 1366"><span class='ocrx_word' id='word_1_416' title='bbox 2224 2230 2452 2324; x_wconf 95' lang='lat' dir='ltr'> </span> 
     </span>
     <span class='ocr_line' id='line_1_57' title="bbox 2224 2324 2452 2395; baseline 0 1295"><span class='ocrx_word' id='word_1_417' title='bbox 2224 2324 2452 2395; x_wconf 95' lang='lat' dir='ltr'> </span> 
     </span>
     <span class='ocr_line' id='line_1_58' title="bbox 2224 2395 2452 2464; baseline 0 1226"><span class='ocrx_word' id='word_1_418' title='bbox 2224 2395 2452 2464; x_wconf 95' lang='lat' dir='ltr'> </span> 
     </span>
     <span class='ocr_line' id='line_1_59' title="bbox 2224 2464 2452 2538; baseline 0 1152"><span class='ocrx_word' id='word_1_419' title='bbox 2224 2464 2452 2538; x_wconf 95' lang='lat' dir='ltr'> </span> 
     </span>
     <span class='ocr_line' id='line_1_60' title="bbox 2228 2538 2452 2605; baseline 0 1085"><span class='ocrx_word' id='word_1_420' title='bbox 2228 2538 2452 2605; x_wconf 95' lang='lat' dir='ltr'> </span> 
     </span>
     <span class='ocr_line' id='line_1_61' title="bbox 2238 2605 2452 2782; baseline 0 -34"><span class='ocrx_word' id='word_1_421' title='bbox 2238 2605 2452 2782; x_wconf 95' lang='lat' dir='ltr'>   </span> 
     </span>
     <span class='ocr_line' id='line_1_62' title="bbox 2276 2782 2452 2994; baseline 0 -59"><span class='ocrx_word' id='word_1_422' title='bbox 2276 2782 2452 2994; x_wconf 95' lang='lat' dir='ltr'>   </span> 
     </span>
     <span class='ocr_line' id='line_1_63' title="bbox 2240 2994 2452 3113; baseline 0 -59"><span class='ocrx_word' id='word_1_423' title='bbox 2240 2994 2452 3113; x_wconf 95' lang='lat' dir='ltr'>  </span> 
     </span>
     <span class='ocr_line' id='line_1_64' title="bbox 1702 3113 2452 3690; baseline 0 -515"><span class='ocrx_word' id='word_1_424' title='bbox 1702 3113 2452 3690; x_wconf 95' lang='lat' dir='ltr'>  </span> 
     </span>
    </p>
   </div>
   <div class='ocr_carea' id='block_1_7' title="bbox 2305 2727 2354 2738">
    <p class='ocr_par' dir='ltr' id='par_1_8' title="bbox 2305 2727 2354 2738">
     <span class='ocr_line' id='line_1_65' title="bbox 2305 2727 2354 2738; baseline 0 -3"><span class='ocrx_word' id='word_1_425' title='bbox 2305 2727 2354 2738; x_wconf 40' lang='lat'>;;;;</span> 
     </span>
    </p>
   </div>
  </div>
 </body>
</html>
