2461 3743
467 395 630 482 'verba
644 418 870 485 „fabellas
884 431 1069 486 Latinas
1101 423 1158 477 ad
1186 432 1369 478 verbum
1409 450 1432 477 e
1464 387 1647 478 Graecis
1678 441 1931 492 expressas“
1981 441 2069 479 tam
2101 450 2200 494 pre-

389 496 507 556 {veh
524 506 579 547 ut
609 504 672 548 ita
701 502 857 558 dicam,
904 503 958 547 ad
991 501 1181 549 litteram
1202 504 1506 562 intellegenda
1538 504 1625 547 sint
1658 519 1803 547 necne.
1860 505 2052 547 Primum
2084 506 2199 548 enim

195 629 200 638 s
389 575 601 657 standum
623 582 692 619 est
721 575 975 619 Ciceronem
1007 577 1091 619 hoc
1123 577 1238 619 loco
1253 578 1296 619 in
1314 593 1364 620 eo
1397 578 1581 620 maxime
1616 578 1696 619 niti
1718 577 1870 628 videri,
1902 585 1960 630 ut,
1989 585 2201 634 quantum

255 653 259 664 ³
322 647 362 705 ζ
389 666 451 687 ι·ι
471 647 609 693 inter
639 662 685 692 se
706 650 850 707 ipsum
886 653 929 691 et
950 649 1139 706 tragicos
1171 649 1241 701 sit,
1271 655 1473 706 exponat..
1505 648 1744 706 Increpans
1765 648 1878 690 enim
1911 649 2197 691 temeritatem

199 754 204 758 ,
257 763 266 769 ,Α
329 707 390 771 Η,
421 717 496 776 qui
529 719 666 764 libros
698 719 752 762 de
782 710 1065 777 philosophia
1095 734 1184 762 ase
1212 721 1307 777 ipso
1339 721 1610 776 conscriptos
1645 720 1842 761 fontibus
1861 720 2045 762 Graecis
2077 727 2201 777 post-

192 777 455 855 1'²mrena
484 790 711 848 aliquanto
742 791 884 834 acrius
916 797 1046 849 atque
1077 790 1318 835 studiosius
1350 789 1460 833 illud
1493 789 1740 842 discrimen,
1787 789 1904 848 quod
1937 790 2050 833 inter
2081 805 2127 833 se
2158 797 2202 834 et

220 861 418 922 Quos
454 861 705 915 intercedat,
736 867 838 905 ante
855 861 1005 905 oculos
1022 875 1184 920 ponere
1216 860 1364 904 studet
1382 860 1648 903 contendens
1681 875 1726 902 se
1745 861 1901 917 ipsum,
1931 875 2027 903 eum
2047 866 2201 918 poetae

208 923 476 981 W÷mm
504 949 682 976 munere
713 938 997 991 interpretum
1028 935 1326 990 fungerentur,
1357 928 1493 976 multo
1525 933 1705 976 liberius
1741 933 2007 977 Grraecorum
2039 934 2202 991 scripta

223 993 579 1063 pei-tractavisse.
612 993 864 1063 His-igitur
894 1005 1041 1048 verbis
1072 1004 1126 1048 de
1154 1004 1326 1049 fabellis
1362 1004 1529 1047 Latinis
1561 1004 1614 1047 ad
1644 1004 1826 1047 verbum
1858 1020 1881 1047 e
1914 1004 2096 1048 Graecis
2127 1020 2201 1047 ex-

226 1066 392 1136 pressis
422 1075 676 1119 Ciceronem
708 1071 941 1118 certenon
975 1091 1154 1118 usurum
1186 1076 1323 1119 fnisse
1354 1076 1709 1127 existimaverim,
1744 1077 1828 1118 nisi
1846 1077 1978 1119 nimio
2011 1076 2198 1135 quodam

192 1144 375 1204 ‘'fstudio
423 1148 467 1188 in
513 1148 773 1190 contrariam
821 1153 988 1203 partem
1020 1146 1273 1203 disputandi
1321 1153 1562 1190 commotus
1608 1153 1735 1198 esset,
1783 1152 1830 1189 ut
1871 1146 1975 1190 talia
2026 1146 2201 1190 diceret.

217 1215 402 1275 ‚Deinde
431 1216 612 1261 dubium
660 1231 755 1264 esse
787 1212 976 1271 videtur,
1022 1232 1123 1261 num
1175 1231 1229 1260 ex
1261 1217 1341 1261 hoc
1388 1232 1473 1261 uno
1505 1217 1600 1261 loco
1649 1216 1775 1261 nobis
1807 1217 2026 1274 conligere
2073 1218 2202 1260 liceat

201 1280 486 1337 ,lcioeronem
519 1304 603 1331 om
623 1304 649 1331 n
668 1304 729 1332 es
777 1289 1034 1332 Latinorum
1067 1289 1238 1333 fabulas
1269 1304 1292 1331 e
1324 1289 1493 1332 Graeco
1539 1289 1594 1331 ad
1628 1289 1809 1331 verbum
1841 1303 2074 1331 conversas
2106 1304 2202 1330 esse

202 1404 205 1406 .
264 1366 267 1368 ’
278 1358 431 1405 nsisse.
480 1360 546 1405 Ut
576 1362 690 1404 enim
723 1375 777 1403 ex
808 1363 884 1414 eis,
916 1376 1027 1421 quae
1059 1361 1256 1420 proxime
1288 1360 1315 1402 l.
1348 1360 1375 1402 l.
1407 1366 1625 1413 secuntur,
1665 1359 1911 1417 conligitur,
1959 1360 2113 1403 Cicero
2145 1358 2200 1402 ad

204 1433 428 1490 Ἴῑιικιιιιιρὴι
457 1439 627 1475 tantum
660 1433 759 1485 duo,
808 1433 863 1475 ad
895 1433 1029 1476 Ennii
1061 1433 1264 1475 Medeam
1297 1439 1341 1475 et-
1366 1432 1548 1474 Pacnvii
1580 1432 1833 1488 Antiopam,
1877 1448 1984 1489 quas
2017 1432 2071 1476 ad
2106 1448 2201 1475 ver-

229 1501 331 1552 bum
363 1515 419 1553 ex
449 1502 680 1563 Euripidis
712 1503 1035 1562 exemplaribus
1084 1516 1313 1562 expressas
1343 1517 1439 1546 esse
1470 1501 1589 1554 dicit,
1643 1503 1886 1560 respexisse
1918 1503 2093 1545 videtur
2142 1503 2202 1544 ita

215 1589 444 1633 pergens:
476 1574 616 1628 „Quis
647 1576 762 1617 enim
793 1580 881 1618 tam
915 1575 1115 1618 inimicus
1146 1589 1283 1632 paene
1318 1576 1480 1617 nomini
1504 1575 1701 1617 Romano
1733 1581 1811 1628 est,
1842 1576 1916 1633 qui
1954 1575 2082 1617 Ennii
2106 1576 2202 1617 Me-

199 1679 207 1706 3
229 1644 354 1689 deam
383 1651 462 1688 aut
491 1646 730 1702 Antiopam
753 1635 953 1707 *Pacuvii
980 1652 1159 1703 spernat
1190 1652 1267 1689 aut
1297 1647 1460 1698 reiciat,
1507 1646 1582 1703 qui
1624 1646 1700 1688 iis
1717 1646 1744 1688 d
1761 1661 1837 1689 em
1882 1645 2107 1703 Euripidis
2139 1648 2202 1690 ia-

202 1716 345 1774 ,hbulis
376 1714 582 1761 delectari
616 1716 733 1760 dicat
749 1718 795 1760 ‘N‘
825 1717 995 1777 Itaque,
1028 1723 1076 1760 ut
1091 1717 1290 1775 exempla
1322 1717 1568 1760 fabularum
1599 1717 1856 1760 adverbum
1889 1732 2199 1760 conversarum

197 1787 418 1843 >afferren
463 1787 618 1832 Cicero
666 1789 775 1831 duas
822 1788 900 1831 has
948 1789 1120 1831 fabulas
1164 1788 1399 1831 secundum
1447 1789 1711 1846 exemplaria
1758 1788 1927 1831 Graeca
1972 1804 2201 1845 expressas

212 1848 526 1909 “nominavisse
559 1859 663 1903 mihi
699 1860 884 1902 videtur.
920 1860 1194 1902 Postremum
1227 1858 1413 1916 denique
1445 1858 1526 1902 hoc
1558 1865 1651 1902 toto
1683 1859 1778 1902 loco
1822 1860 2069 1906 accuratius
2102 1875 2202 1916 per-

197 1921 367 1995 *penso
398 1946 449 1973 ac
479 1931 713 1987 praecipue
744 1930 919 1974 illorum
954 1930 1186 1974 verborum
1217 1931 1342 1990 „quis
1375 1930 1489 1973 enim
1524 1936 1610 1973 tam
1643 1930 1656 1973 i
1676 1945 1702 1972 n
1725 1929 1736 1972 i
1757 1946 1798 1973 m
1818 1930 1830 1973 i
1849 1945 1872 1973 c
1890 1945 1917 1974 u
1937 1945 1956 1973 s
2005 1946 2034 1989 p
2052 1946 2077 1974 a
2094 1945 2116 1974 e
2136 1947 2160 1974 n
2180 1947 2202 1973 e

192 2001 465 2052 ἶζιιοῐιιίιιί
499 1999 639 2044 Rom
657 2016 726 2043 an
744 2016 770 2043 o
809 2007 909 2043 est“
958 2002 1127 2044 ratione
1158 2000 1309 2044 habita
1339 2000 1496 2057 cuique
1527 2001 1654 2042 facile
1680 2001 1916 2058 apparebit
1948 2002 2203 2044 Ciceronem

194 2073 296 2124 siis,
329 2073 404 2128 qui
435 2086 483 2113 se
514 2072 674 2114 Latina
706 2073 868 2129 scripta
900 2072 1095 2114 dicerent
1127 2078 1415 2121 contemnere,
1446 2077 1558 2113 tecte
1591 2071 1828 2150 opprobrio
1861 2071 1963 2115 dare
1997 2073 2204 2125 voluisse,

207 2142 362 2203 2-,quod,
393 2143 431 2187 si
461 2147 631 2186 tantum
664 2142 849 2186 Graecis
880 2144 1092 2195 faverent,
1141 2156 1257 2185 sese
1268 2142 1470 2185 inimicos
1513 2141 1701 2185 nominis
1734 2141 1920 2186 Romani
1965 2142 2201 2186 exhibituri

194 2208 388 2259 (essent.
419 2214 547 2267 Quae
577 2229 675 2269 cum
708 2215 769 2257 ita
801 2215 901 2267 sint,
952 2214 1045 2256 iure
1076 2214 1177 2256 item
1225 2228 1281 2255 ex
1313 2213 1395 2255 hoc
1440 2213 1536 2255 loeo
1568 2215 1763 2256 conicere
1812 2229 2044 2271 possumus
2077 2214 2201 2257 Cice-

204 2283 392 2340 [iffonem
435 2286 536 2328 cnm
578 2283 760 2329 fabellas
805 2283 859 2327 ad
893 2284 1074 2327 verbum
1100 2298 1123 2325 e
1155 2282 1337 2327 Graecis
1386 2298 1614 2341 expressas
1663 2299 1747 2327 non
1782 2286 1889 2327 satis
1929 2285 2202 2328 considerate

205 2354 455 2410 ‘'iudicaret,
502 2361 645 2399 tamen
682 2361 804 2398 tanto
837 2355 1004 2413 patriae
1050 2369 1101 2399 ac
1133 2355 1322 2398 nominis
1351 2354 1537 2398 Romani
1589 2367 1735 2399 amore
1783 2357 1961 2399 ductum
1995 2372 2102 2410 esse,
2155 2364 2202 2399 ut

194 2433 383 2488 »poetas
413 2428 610 2479 latinos,
642 2428 814 2471 eti-amsi
846 2428 1043 2485 singulas
1076 2442 1223 2470 eorum
1253 2427 1425 2470 fabulas
1457 2427 1586 2470 meris
1620 2428 1981 2471 translat-ianibus
2014 2429 2200 2471 fortasse

229 2500 346 2555 baud
377 2499 612 2545 dissimiles
643 2499 925 2550 existimavit,
956 2505 1100 2543 tamen
1123 2498 1202 2541 hac
1234 2498 1332 2541 illas
1361 2498 1675 2541 Graeculorum
1712 2499 1949 2542 sententias
1980 2499 2200 2542 refutandi

209 2570 455 2629 'occasione
489 2569 640 2615 oblata
670 2570 850 2613 disertis
882 2567 1014 2630 atque
1032 2570 1196 2627 apertis
1229 2568 1377 2612 verbis
1408 2568 1640 2611 defendere
1673 2585 1758 2611 non
1778 2570 2058 2611 dubitaverit.
2092 2570 2201 2612 Om-

217 2642 438 2700 -nino”'hic
470 2637 592 2684 locus
624 2642 811 2684 maxime
844 2640 1028 2684 idoneus
1060 2647 1139 2692 est,
1170 2655 1223 2682 ex
1254 2655 1342 2696 quo
1375 2655 1701 2697 cognoscamuS,
1751 2647 1937 2697 quantae
1970 2640 2202 2683 offensioni

207 2702 216 2770 ¹,
229 2713 434 2763 Ciceroni
465 2712 628 2757 fuerint
658 2711 733 2755 illa
767 2711 901 2756 nimia
932 2703 1174 2755 litterarum
1206 2709 1473 2753 Graecarum
1503 2710 1649 2753 studia
1680 2710 1902 2752 hominum
1930 2711 2203 2768 quorundam

200 2774 549 2844 {fRomanoruQ'
571 2784 646 2842 qui
678 2783 863 2831 Latinas
893 2783 1062 2826 litteras
1094 2782 1291 2832 oderunt,
1338 2790 1637 2840 quantumque
1678 2782 1772 2839 ipse
1805 2781 1967 2824 nomini
2004 2782 2203 2825 Romano

217 2861 274 2899 *et
304 2855 379 2908 eis,
413 2869 524 2912 quae
556 2854 744 2898 Romani
777 2853 1113 2912 praestitissent,
1142 2852 1333 2894 tribuere
1365 2852 1424 2895 sit
1456 2851 1659 2906 solitus1).
1697 2852 1759 2896 Ut
1776 2852 1922 2908 igitur,
1954 2853 2068 2895 unde
2101 2854 2202 2905 exii,

204 3003 207 3006 .
341 3000 345 3004 ι
368 2953 396 2998 ¹)
411 2931 584 2987 ffilud
609 2950 786 2987 Ciceronis
810 2951 965 2985 studium
990 2957 1111 2987 contra
1134 2963 1193 2986 eos
1216 2950 1429 2995 disputandi,
1460 2950 1521 2995 qni
1548 2950 1758 2994 Grafflrum
1784 2951 1976 2986 litterarum
2001 2951 2200 2995 artiumque

228 3011 336 3057 nimis
358 3016 516 3060 amantes
544 3016 652 3054 erant,
673 3011 808 3046 'melius
827 3011 1019 3054 inlustrem,
1057 3009 1143 3045 mihi
1169 3009 1393 3055 proferendus
1432 3009 1570 3044 videtur
1593 3010 1689 3045 locus
1726 3010 1828 3044 Tusc.
1858 3010 1929 3052 III,
1973 3009 2028 3052 19,
2053 3009 2110 3053 45,
2144 3011 2205 3054 qui

196 3067 370 3111 &etiamsi
393 3070 438 3105 ad
462 3069 547 3105 artis
570 3069 726 3115 poeticae
750 3081 860 3114 genus
885 3069 1054 3115 tragicum
1078 3074 1167 3114 apte,
1181 3068 1298 3104 referri
1323 3079 1393 3103 non
1418 3069 1538 3114 possit,
1565 3074 1682 3104 tamen
1699 3069 1783 3104 satis
1796 3069 1942 3104 idoneus
1967 3080 2042 3103 esse
2056 3069 2201 3111 videtur,
2260 3111 2262 3113 q
